symbol,isin,trade_date,exchange,segment,series,trade_type,auction,quantity,price,trade_id,order_id,order_execution_time
FLAIR,INE00Y201027,2026-03-19,NSE,EQ,EQ,sell,false,1.000000,310.000000,200077915,1100000000426226,2026-03-19T09:15:05
FLAIR,INE00Y201027,2026-03-19,NSE,EQ,EQ,sell,false,15.000000,310.000000,200077916,1100000000426226,2026-03-19T09:15:05
FLAIR,INE00Y201027,2026-03-19,NSE,EQ,EQ,sell,false,20.000000,308.899994,200077917,1100000000426226,2026-03-19T09:15:05
SPORTKING,INE885H01029,2026-03-19,NSE,EQ,EQ,sell,false,58.000000,113.279999,600056065,1300000000375836,2026-03-19T09:15:07
NAHARSPING,INE290A01027,2026-03-19,NSE,EQ,EQ,sell,false,1.000000,197.479996,400067343,1200000000310078,2026-03-19T09:15:07
NAHARSPING,INE290A01027,2026-03-19,NSE,EQ,EQ,sell,false,1.000000,197.479996,400140146,1200000000310078,2026-03-19T09:15:07
NAHARSPING,INE290A01027,2026-03-19,NSE,EQ,EQ,sell,false,2.000000,197.479996,400128380,1200000000310078,2026-03-19T09:15:07
NAHARSPING,INE290A01027,2026-03-19,NSE,EQ,EQ,sell,false,2.000000,197.479996,400154682,1200000000310078,2026-03-19T09:15:07
NAHARSPING,INE290A01027,2026-03-19,NSE,EQ,EQ,sell,false,25.000000,197.479996,400098528,1200000000310078,2026-03-19T09:15:07
NAHARSPING,INE290A01027,2026-03-19,NSE,EQ,EQ,sell,false,31.000000,197.990005,400154699,1200000000310074,2026-03-19T09:15:07
NAHARSPING,INE290A01027,2026-03-19,NSE,EQ,EQ,sell,false,5.000000,197.479996,400136925,1200000000310078,2026-03-19T09:15:07
APEX,INE346W01013,2026-03-19,NSE,EQ,EQ,sell,false,31.000000,356.450012,96039,1000000000332637,2026-03-19T09:15:10
JARO,INE00YJ01010,2026-03-19,NSE,EQ,EQ,sell,false,23.000000,473.450012,200141165,1100000000752928,2026-03-19T09:15:23
TVSELECT,INE236G01019,2026-03-19,NSE,EQ,EQ,sell,false,16.000000,398.549988,600214047,1300000000645393,2026-03-19T09:15:26
TVSELECT,INE236G01019,2026-03-19,NSE,EQ,EQ,sell,false,15.000000,394.549988,600136643,1300000000726190,2026-03-19T09:15:32
ACMESOLAR,INE622W01025,2026-03-19,NSE,EQ,EQ,sell,false,26.000000,259.299988,928890,1000000008629778,2026-03-19T09:32:06
ACMESOLAR,INE622W01025,2026-03-19,NSE,EQ,EQ,sell,false,50.000000,259.299988,928847,1000000008629778,2026-03-19T09:32:06
ACMESOLAR,INE622W01025,2026-03-19,NSE,EQ,EQ,sell,false,9.000000,259.299988,928037,1000000008629778,2026-03-19T09:32:06
JARO,INE00YJ01010,2026-03-19,NSE,EQ,EQ,sell,false,13.000000,471.100006,202728495,1100000024079599,2026-03-19T10:02:21
SUNTV,INE424H01027,2026-03-19,BSE,EQ,A,sell,false,4.000000,605.599976,2494300,1773894709095578479,2026-03-19T11:00:46
SUNTV,INE424H01027,2026-03-19,BSE,EQ,A,sell,false,9.000000,605.650024,2494100,1773894709095578479,2026-03-19T11:00:46
TVSELECT,INE236G01019,2026-03-19,NSE,EQ,EQ,buy,false,24.000000,393.000000,603808729,1300000046459258,2026-03-19T11:53:05
TVSELECT,INE236G01019,2026-03-19,NSE,EQ,EQ,buy,false,7.000000,392.950012,603808728,1300000046459258,2026-03-19T11:53:05
PARKHOTELS,INE988S01028,2026-03-19,NSE,EQ,EQ,buy,false,39.000000,113.290001,403852689,1200000047482467,2026-03-19T12:31:19
PARKHOTELS,INE988S01028,2026-03-19,NSE,EQ,EQ,buy,false,47.000000,113.300003,403852690,1200000047482467,2026-03-19T12:31:19
PARKHOTELS,INE988S01028,2026-03-19,NSE,EQ,EQ,buy,false,8.000000,113.300003,403852691,1200000047482467,2026-03-19T12:31:19
CAPACITE,INE264T01014,2026-03-19,NSE,EQ,EQ,buy,false,11.000000,230.800003,3950055,1000000047619407,2026-03-19T12:31:40
CAPACITE,INE264T01014,2026-03-19,NSE,EQ,EQ,buy,false,1.000000,230.800003,3950056,1000000047619407,2026-03-19T12:31:40
CAPACITE,INE264T01014,2026-03-19,NSE,EQ,EQ,buy,false,31.000000,230.880005,3950057,1000000047619407,2026-03-19T12:31:40
CAPACITE,INE264T01014,2026-03-19,NSE,EQ,EQ,buy,false,3.000000,230.800003,3950054,1000000047619407,2026-03-19T12:31:40
STARCEMENT,INE460H01021,2026-03-19,NSE,EQ,EQ,buy,false,1.000000,211.860001,604521227,1300000056164310,2026-03-19T12:31:48
STARCEMENT,INE460H01021,2026-03-19,NSE,EQ,EQ,buy,false,1.000000,211.869995,604521229,1300000056164310,2026-03-19T12:31:48
STARCEMENT,INE460H01021,2026-03-19,NSE,EQ,EQ,buy,false,1.000000,211.869995,604521232,1300000056164310,2026-03-19T12:31:48
STARCEMENT,INE460H01021,2026-03-19,NSE,EQ,EQ,buy,false,1.000000,211.880005,604521234,1300000056164310,2026-03-19T12:31:48
STARCEMENT,INE460H01021,2026-03-19,NSE,EQ,EQ,buy,false,1.000000,211.889999,604521235,1300000056164310,2026-03-19T12:31:48
STARCEMENT,INE460H01021,2026-03-19,NSE,EQ,EQ,buy,false,29.000000,211.869995,604521233,1300000056164310,2026-03-19T12:31:48
STARCEMENT,INE460H01021,2026-03-19,NSE,EQ,EQ,buy,false,3.000000,211.869995,604521230,1300000056164310,2026-03-19T12:31:48
STARCEMENT,INE460H01021,2026-03-19,NSE,EQ,EQ,buy,false,4.000000,211.869995,604521231,1300000056164310,2026-03-19T12:31:48
STARCEMENT,INE460H01021,2026-03-19,NSE,EQ,EQ,buy,false,4.000000,211.889999,604521236,1300000056164310,2026-03-19T12:31:48
STARCEMENT,INE460H01021,2026-03-19,NSE,EQ,EQ,buy,false,5.000000,211.860001,604521228,1300000056164310,2026-03-19T12:31:48
THOMASCOOK,INE332A01027,2026-03-19,NSE,EQ,EQ,buy,false,31.000000,99.250000,604522809,1300000056163774,2026-03-19T12:31:55
THOMASCOOK,INE332A01027,2026-03-19,NSE,EQ,EQ,buy,false,76.000000,99.260002,604522810,1300000056163774,2026-03-19T12:31:55
SPORTKING,INE885H01029,2026-03-19,NSE,EQ,EQ,sell,false,22.000000,116.070000,604753757,1300000059729116,2026-03-19T12:46:57
SPORTKING,INE885H01029,2026-03-19,NSE,EQ,EQ,sell,false,29.000000,116.089996,604753756,1300000059729116,2026-03-19T12:46:57
ASKAUTOLTD,INE491J01022,2026-03-19,NSE,EQ,EQ,buy,false,17.000000,420.549988,4571616,1000000055990230,2026-03-19T13:19:31
CAPACITE,INE264T01014,2026-03-19,NSE,EQ,EQ,buy,false,35.000000,229.850006,4561507,1000000055990096,2026-03-19T13:19:31
EUREKAFORB,INE0KCE01017,2026-03-19,NSE,EQ,EQ,buy,false,13.000000,468.850006,207233989,1100000074871527,2026-03-19T13:19:31
EUREKAFORB,INE0KCE01017,2026-03-19,NSE,EQ,EQ,buy,false,2.000000,468.899994,207233990,1100000074871527,2026-03-19T13:19:31
STARCEMENT,INE460H01021,2026-03-19,NSE,EQ,EQ,buy,false,10.000000,210.550003,605298132,1300000067367550,2026-03-19T13:19:32
STARCEMENT,INE460H01021,2026-03-19,NSE,EQ,EQ,buy,false,1.000000,210.539993,605298129,1300000067367550,2026-03-19T13:19:32
STARCEMENT,INE460H01021,2026-03-19,NSE,EQ,EQ,buy,false,2.000000,210.550003,605298131,1300000067367550,2026-03-19T13:19:32
STARCEMENT,INE460H01021,2026-03-19,NSE,EQ,EQ,buy,false,25.000000,210.550003,605298130,1300000067367550,2026-03-19T13:19:32
THOMASCOOK,INE332A01027,2026-03-19,NSE,EQ,EQ,buy,false,39.000000,99.199997,605298118,1300000067367317,2026-03-19T13:19:32
THOMASCOOK,INE332A01027,2026-03-19,NSE,EQ,EQ,buy,false,46.000000,99.190002,605298117,1300000067367317,2026-03-19T13:19:32
SPORTKING,INE885H01029,2026-03-19,NSE,EQ,EQ,sell,false,28.000000,116.309998,606390921,1300000080341550,2026-03-19T14:13:38
SPORTKING,INE885H01029,2026-03-19,NSE,EQ,EQ,sell,false,37.000000,116.260002,606390922,1300000080341550,2026-03-19T14:13:38
JINDRILL,INE742C01031,2026-03-19,NSE,EQ,EQ,buy,false,8.000000,465.500000,210024541,1100000102590637,2026-03-19T14:55:45
SOLARA,INE624Z01016,2026-03-19,NSE,EQ,EQ,buy,false,10.000000,449.700012,607406875,1300000091314484,2026-03-19T14:55:45
JINDRILL,INE742C01031,2026-03-19,NSE,EQ,EQ,sell,false,1.000000,472.899994,210952299,1100000108884044,2026-03-19T15:11:35
JINDRILL,INE742C01031,2026-03-19,NSE,EQ,EQ,sell,false,2.000000,472.899994,210952298,1100000108884044,2026-03-19T15:11:35
JINDRILL,INE742C01031,2026-03-19,NSE,EQ,EQ,sell,false,5.000000,472.850006,210952300,1100000108884044,2026-03-19T15:11:35
CIEINDIA,INE536H01010,2026-03-20,NSE,EQ,EQ,sell,false,13.000000,477.100006,953973,1000000003510391,2026-03-20T09:38:48
THOMASCOOK,INE332A01027,2026-03-20,NSE,EQ,EQ,sell,false,111.000000,102.349998,601186528,1300000004085658,2026-03-20T09:39:46
THOMASCOOK,INE332A01027,2026-03-20,NSE,EQ,EQ,sell,false,14.000000,102.339996,601186529,1300000004085658,2026-03-20T09:39:46
THOMASCOOK,INE332A01027,2026-03-20,NSE,EQ,EQ,sell,false,25.000000,102.370003,601186526,1300000004085658,2026-03-20T09:39:46
THOMASCOOK,INE332A01027,2026-03-20,NSE,EQ,EQ,sell,false,42.000000,102.360001,601186527,1300000004085658,2026-03-20T09:39:46
SAIL,INE114A01011,2026-03-20,NSE,EQ,EQ,sell,false,135.000000,156.369995,601248715,1300000004093003,2026-03-20T09:41:39
SAIL,INE114A01011,2026-03-20,NSE,EQ,EQ,sell,false,60.000000,156.380005,601248714,1300000004093003,2026-03-20T09:41:39
JINDRILL,INE742C01031,2026-03-20,NSE,EQ,EQ,buy,false,15.000000,479.649994,201831816,1100000015796379,2026-03-20T09:43:18
JINDRILL,INE742C01031,2026-03-20,NSE,EQ,EQ,buy,false,6.000000,479.649994,201827378,1100000015796379,2026-03-20T09:43:18
RVNL,INE415G01027,2026-03-20,NSE,EQ,EQ,buy,false,38.000000,268.850006,601297391,1300000012921442,2026-03-20T09:43:18
PARAS,INE045601023,2026-03-20,NSE,EQ,EQ,buy,false,16.000000,637.650024,401123164,1200000011879330,2026-03-20T09:43:19
AEGISVOPAK,INE0INX01018,2026-03-20,NSE,EQ,EQ,buy,false,57.000000,179.729996,1104460,1000000011066451,2026-03-20T09:44:23
STARCEMENT,INE460H01021,2026-03-20,NSE,EQ,EQ,sell,false,22.000000,215.130005,603213345,1300000037288746,2026-03-20T11:10:45
STARCEMENT,INE460H01021,2026-03-20,NSE,EQ,EQ,sell,false,3.000000,215.139999,603213344,1300000037288746,2026-03-20T11:10:45
STARCEMENT,INE460H01021,2026-03-20,NSE,EQ,EQ,sell,false,63.000000,215.149994,603213343,1300000037288746,2026-03-20T11:10:45
JINDRILL,INE742C01031,2026-03-20,NSE,EQ,EQ,buy,false,9.000000,474.950012,205279393,1100000050740354,2026-03-20T11:22:56
JAYSREETEA,INE364A01020,2026-03-20,NSE,EQ,EQ,sell,false,1.000000,79.699997,209603174,1100000096392334,2026-03-20T14:40:14
JAYSREETEA,INE364A01020,2026-03-20,NSE,EQ,EQ,sell,false,202.000000,79.010002,209603175,1100000096392334,2026-03-20T14:40:14
JAYSREETEA,INE364A01020,2026-03-20,NSE,EQ,EQ,sell,false,68.000000,79.820000,209603172,1100000096392334,2026-03-20T14:40:14
JAYSREETEA,INE364A01020,2026-03-20,NSE,EQ,EQ,sell,false,70.000000,79.910004,209603171,1100000096392334,2026-03-20T14:40:14
JAYSREETEA,INE364A01020,2026-03-20,NSE,EQ,EQ,sell,false,74.000000,79.809998,209603173,1100000096392334,2026-03-20T14:40:14
JAYSREETEA,INE364A01020,2026-03-20,NSE,EQ,EQ,sell,false,74.000000,79.919998,209603170,1100000096392334,2026-03-20T14:40:14
CHEMPLASTS,INE488A01050,2026-03-20,NSE,EQ,EQ,buy,false,1.000000,286.489990,5520426,1000000074972261,2026-03-20T14:49:40
CHEMPLASTS,INE488A01050,2026-03-20,NSE,EQ,EQ,buy,false,33.000000,286.500000,5520427,1000000074972261,2026-03-20T14:49:40
ELECTCAST,INE086A01029,2026-03-20,NSE,EQ,EQ,buy,false,135.000000,75.470001,209926879,1100000113791541,2026-03-20T14:49:41
GPIL,INE177H01039,2026-03-20,NSE,EQ,EQ,buy,false,35.000000,262.350006,209933202,1100000113790573,2026-03-20T14:50:09
PREMIERPOL,INE309M01020,2026-03-20,NSE,EQ,EQ,buy,false,100.000000,60.080002,406561607,1200000088186070,2026-03-20T14:56:19
PREMIERPOL,INE309M01020,2026-03-20,NSE,EQ,EQ,buy,false,1.000000,60.099998,406561608,1200000088186070,2026-03-20T14:56:19
PREMIERPOL,INE309M01020,2026-03-20,NSE,EQ,EQ,buy,false,3.000000,60.099998,406561609,1200000088186070,2026-03-20T14:56:19
PREMIERPOL,INE309M01020,2026-03-20,NSE,EQ,EQ,buy,false,64.000000,60.070000,406561606,1200000088186070,2026-03-20T14:56:19
PREMIERENE,INE0BS701011,2026-03-24,BSE,EQ,A,sell,false,9.000000,887.049988,1132400,1774323000005352696,2026-03-24T09:22:11
ORIENTCER,INE569C01020,2026-03-24,NSE,EQ,EQ,buy,false,1.000000,37.869999,404059049,1200000055407574,2026-03-24T12:04:57
ORIENTCER,INE569C01020,2026-03-24,NSE,EQ,EQ,buy,false,1.000000,37.869999,404059055,1200000055407574,2026-03-24T12:04:57
ORIENTCER,INE569C01020,2026-03-24,NSE,EQ,EQ,buy,false,1.000000,37.869999,404064252,1200000055407574,2026-03-24T12:04:57
ORIENTCER,INE569C01020,2026-03-24,NSE,EQ,EQ,buy,false,1.000000,37.869999,404064643,1200000055407574,2026-03-24T12:04:57
ORIENTCER,INE569C01020,2026-03-24,NSE,EQ,EQ,buy,false,1.000000,37.869999,404064756,1200000055407574,2026-03-24T12:04:57
ORIENTCER,INE569C01020,2026-03-24,NSE,EQ,EQ,buy,false,16.000000,37.869999,404059048,1200000055407574,2026-03-24T12:04:57
ORIENTCER,INE569C01020,2026-03-24,NSE,EQ,EQ,buy,false,18.000000,37.869999,404064251,1200000055407574,2026-03-24T12:04:57
ORIENTCER,INE569C01020,2026-03-24,NSE,EQ,EQ,buy,false,19.000000,37.869999,404064641,1200000055407574,2026-03-24T12:04:57
ORIENTCER,INE569C01020,2026-03-24,NSE,EQ,EQ,buy,false,2.000000,37.869999,404064642,1200000055407574,2026-03-24T12:04:57
ORIENTCER,INE569C01020,2026-03-24,NSE,EQ,EQ,buy,false,220.000000,37.869999,404081943,1200000055407574,2026-03-24T12:04:57
HGM,INE596H01014,2026-03-24,NSE,EQ,EQ,buy,false,14.000000,55.980000,205872389,1100000064333953,2026-03-24T12:04:58
HGM,INE596H01014,2026-03-24,NSE,EQ,EQ,buy,false,155.000000,55.980000,205872391,1100000064333953,2026-03-24T12:04:58
HGM,INE596H01014,2026-03-24,NSE,EQ,EQ,buy,false,20.000000,55.980000,205872390,1100000064333953,2026-03-24T12:04:58
ORIENTCER,INE569C01020,2026-03-24,NSE,EQ,EQ,buy,false,266.000000,37.830002,407168284,1200000099820910,2026-03-24T14:42:36
SHILPAMED,INE790G01031,2026-03-24,NSE,EQ,EQ,buy,false,20.000000,343.000000,608260406,1300000108902067,2026-03-24T14:42:36
SHILPAMED,INE790G01031,2026-03-24,NSE,EQ,EQ,buy,false,9.000000,343.000000,608260407,1300000108902067,2026-03-24T14:42:36
APEX,INE346W01013,2026-03-24,NSE,EQ,EQ,buy,false,26.000000,383.899994,6984031,1000000096327985,2026-03-24T14:42:36
GOCLCORP,INE077F01035,2026-03-24,NSE,EQ,EQ,buy,false,39.000000,256.750000,210269418,1100000118107843,2026-03-24T14:42:36
SHREERAMA,INE879A01019,2026-03-24,NSE,EQ,EQ,buy,false,158.000000,48.160000,608281157,1300000108900764,2026-03-24T14:42:36
SHREERAMA,INE879A01019,2026-03-24,NSE,EQ,EQ,buy,false,51.000000,48.160000,608265452,1300000108900764,2026-03-24T14:42:36
IOLCP,INE485C01029,2026-03-24,NSE,EQ,EQ,buy,false,130.000000,77.180000,210405609,1100000118108215,2026-03-24T14:42:37
GOCLCORP,INE077F01035,2026-03-24,NSE,EQ,EQ,sell,false,31.000000,263.100006,210688145,1100000122766754,2026-03-24T14:56:29
GOCLCORP,INE077F01035,2026-03-24,NSE,EQ,EQ,sell,false,8.000000,263.149994,210688144,1100000122766754,2026-03-24T14:56:29
SHREERAMA,INE879A01019,2026-03-24,NSE,EQ,EQ,sell,false,209.000000,50.130001,609228701,1300000110273295,2026-03-24T15:12:18
HGM,INE596H01014,2026-03-24,BSE,EQ,B,buy,false,110.000000,54.160000,5298900,1774340766821456455,2026-03-24T15:15:37
HGM,INE596H01014,2026-03-24,BSE,EQ,B,buy,false,26.000000,54.160000,5299300,1774340766821456455,2026-03-24T15:15:37
HGM,INE596H01014,2026-03-24,BSE,EQ,B,buy,false,64.000000,54.160000,5299100,1774340766821456455,2026-03-24T15:15:37
GPIL,INE177H01039,2026-03-25,NSE,EQ,EQ,sell,false,35.000000,271.000000,200957622,1100000006575485,2026-03-25T09:26:23
GULPOLY,INE255D01024,2026-03-25,NSE,EQ,EQ,sell,false,33.000000,148.449997,202684676,1100000024548372,2026-03-25T10:09:29
SIGMA,INE0A0S01028,2026-03-25,NSE,EQ,EQ,buy,false,107.000000,40.750000,602950490,1300000028113229,2026-03-25T10:29:22
SIGMA,INE0A0S01028,2026-03-25,NSE,EQ,EQ,buy,false,2.000000,40.750000,602950489,1300000028113229,2026-03-25T10:29:22
SIGMA,INE0A0S01028,2026-03-25,NSE,EQ,EQ,buy,false,2.000000,40.779999,602950492,1300000028113229,2026-03-25T10:29:22
SIGMA,INE0A0S01028,2026-03-25,NSE,EQ,EQ,buy,false,2.000000,40.799999,602950494,1300000028113229,2026-03-25T10:29:22
SIGMA,INE0A0S01028,2026-03-25,NSE,EQ,EQ,buy,false,2.000000,40.820000,602950495,1300000028113229,2026-03-25T10:29:22
SIGMA,INE0A0S01028,2026-03-25,NSE,EQ,EQ,buy,false,34.000000,40.790001,602950493,1300000028113229,2026-03-25T10:29:22
SIGMA,INE0A0S01028,2026-03-25,NSE,EQ,EQ,buy,false,49.000000,40.759998,602950491,1300000028113229,2026-03-25T10:29:22
SIGMA,INE0A0S01028,2026-03-25,NSE,EQ,EQ,buy,false,50.000000,40.830002,602950496,1300000028113229,2026-03-25T10:29:22
SHREERAMA,INE879A01019,2026-03-25,NSE,EQ,EQ,buy,false,186.000000,53.410000,604609549,1300000046418605,2026-03-25T11:39:51
ASKAUTOLTD,INE491J01022,2026-03-25,NSE,EQ,EQ,sell,false,17.000000,440.500000,4006768,1000000042430033,2026-03-25T11:50:21
JINDRILL,INE742C01031,2026-03-25,BSE,EQ,B,sell,false,30.000000,503.049988,5097200,1774415032200806205,2026-03-25T11:53:17
SOLARA,INE624Z01016,2026-03-25,NSE,EQ,EQ,sell,false,1.000000,455.799988,605004822,1300000050637229,2026-03-25T11:59:19
SOLARA,INE624Z01016,2026-03-25,NSE,EQ,EQ,sell,false,1.000000,455.850006,605004820,1300000050637229,2026-03-25T11:59:19
SOLARA,INE624Z01016,2026-03-25,NSE,EQ,EQ,sell,false,2.000000,455.899994,605004819,1300000050637229,2026-03-25T11:59:19
SOLARA,INE624Z01016,2026-03-25,NSE,EQ,EQ,sell,false,6.000000,455.799988,605004821,1300000050637229,2026-03-25T11:59:19
GILLANDERS,INE047B01011,2026-03-25,NSE,EQ,EQ,buy,false,24.000000,85.550003,205936591,1100000061364335,2026-03-25T12:13:20
GILLANDERS,INE047B01011,2026-03-25,NSE,EQ,EQ,buy,false,50.000000,85.750000,205936592,1100000061364335,2026-03-25T12:13:20
GILLANDERS,INE047B01011,2026-03-25,NSE,EQ,EQ,buy,false,5.000000,85.500000,205936589,1100000061364335,2026-03-25T12:13:20
GILLANDERS,INE047B01011,2026-03-25,NSE,EQ,EQ,buy,false,5.000000,85.510002,205936590,1100000061364335,2026-03-25T12:13:20
GILLANDERS,INE047B01011,2026-03-25,NSE,EQ,EQ,buy,false,62.000000,85.750000,205940491,1100000061364335,2026-03-25T12:13:20
GOCLCORP,INE077F01035,2026-03-25,NSE,EQ,EQ,buy,false,43.000000,284.899994,205936572,1100000061364064,2026-03-25T12:13:20
SHREERAMA,INE879A01019,2026-03-25,NSE,EQ,EQ,buy,false,19.000000,53.730000,605279908,1300000054921772,2026-03-25T12:13:20
SHREERAMA,INE879A01019,2026-03-25,NSE,EQ,EQ,buy,false,200.000000,53.730000,605279907,1300000054921772,2026-03-25T12:13:20
SHREERAMA,INE879A01019,2026-03-25,NSE,EQ,EQ,buy,false,32.000000,53.740002,605298390,1300000054921772,2026-03-25T12:14:04
POLYPLEX,INE633B01018,2026-03-25,NSE,EQ,EQ,sell,false,9.000000,818.099976,405950810,1200000055596392,2026-03-25T13:28:42
APEX,INE346W01013,2026-03-25,BSE,EQ,B,sell,false,26.000000,399.000000,12766500,1774422865329984722,2026-03-25T14:08:45
GILLANDERS,INE047B01011,2026-03-25,NSE,EQ,EQ,buy,false,3.000000,83.949997,208732636,1100000095554907,2026-03-25T14:13:32
GILLANDERS,INE047B01011,2026-03-25,NSE,EQ,EQ,buy,false,39.000000,84.559998,208740697,1100000095554907,2026-03-25T14:13:32
GILLANDERS,INE047B01011,2026-03-25,NSE,EQ,EQ,buy,false,47.000000,83.949997,208732635,1100000095554907,2026-03-25T14:13:32
FLAIR,INE00Y201027,2026-03-25,NSE,EQ,EQ,sell,false,10.000000,292.000000,210325354,1100000094908914,2026-03-25T15:05:24
FLAIR,INE00Y201027,2026-03-25,NSE,EQ,EQ,sell,false,11.000000,292.000000,210325358,1100000094908914,2026-03-25T15:05:24
FLAIR,INE00Y201027,2026-03-25,NSE,EQ,EQ,sell,false,1.000000,292.000000,210325353,1100000094908914,2026-03-25T15:05:24
FLAIR,INE00Y201027,2026-03-25,NSE,EQ,EQ,sell,false,1.000000,292.000000,210325355,1100000094908914,2026-03-25T15:05:24
FLAIR,INE00Y201027,2026-03-25,NSE,EQ,EQ,sell,false,1.000000,292.000000,210325356,1100000094908914,2026-03-25T15:05:24
FLAIR,INE00Y201027,2026-03-25,NSE,EQ,EQ,sell,false,1.000000,292.000000,210325357,1100000094908914,2026-03-25T15:05:24
ELECTCAST,INE086A01029,2026-03-25,NSE,EQ,EQ,sell,false,27.000000,78.010002,211563903,1100000116397131,2026-03-25T15:28:11
ELECTCAST,INE086A01029,2026-03-25,NSE,EQ,EQ,sell,false,46.000000,78.010002,211567171,1100000116397131,2026-03-25T15:28:11
ELECTCAST,INE086A01029,2026-03-25,NSE,EQ,EQ,sell,false,62.000000,78.010002,211569858,1100000116397131,2026-03-25T15:28:11
TVSELECT,INE236G01019,2026-03-25,NSE,EQ,EQ,sell,false,25.000000,383.000000,610377310,1300000084112281,2026-03-25T15:28:30
TVSELECT,INE236G01019,2026-03-25,NSE,EQ,EQ,sell,false,6.000000,383.000000,610377311,1300000084112281,2026-03-25T15:28:30
IOLCP,INE485C01029,2026-03-27,NSE,EQ,EQ,sell,false,130.000000,78.940002,201107201,1100000007678350,2026-03-27T09:24:44
ACMESOLAR,INE622W01025,2026-03-27,NSE,EQ,EQ,buy,false,10.000000,269.339996,902082,1000000007590897,2026-03-27T09:29:22
ACMESOLAR,INE622W01025,2026-03-27,NSE,EQ,EQ,buy,false,16.000000,269.339996,902080,1000000007590897,2026-03-27T09:29:22
ACMESOLAR,INE622W01025,2026-03-27,NSE,EQ,EQ,buy,false,29.000000,269.339996,902081,1000000007590897,2026-03-27T09:29:22
DWARKESH,INE366A01041,2026-03-27,NSE,EQ,EQ,buy,false,100.000000,41.310001,202198074,1100000019393125,2026-03-27T09:51:06
DWARKESH,INE366A01041,2026-03-27,NSE,EQ,EQ,buy,false,211.000000,41.310001,202198075,1100000019393125,2026-03-27T09:51:06
DWARKESH,INE366A01041,2026-03-27,NSE,EQ,EQ,buy,false,50.000000,41.250000,202198073,1100000019393125,2026-03-27T09:51:06
DWARKESH,INE366A01041,2026-03-27,NSE,EQ,EQ,sell,false,121.000000,42.160000,211580703,1100000109910592,2026-03-27T15:06:06
DWARKESH,INE366A01041,2026-03-27,NSE,EQ,EQ,sell,false,240.000000,42.169998,211580702,1100000109910592,2026-03-27T15:06:06
PREMIERPOL,INE309M01020,2026-03-30,NSE,EQ,EQ,sell,false,15.000000,63.750000,402114099,1200000021660060,2026-03-30T10:02:45
PREMIERPOL,INE309M01020,2026-03-30,NSE,EQ,EQ,sell,false,32.000000,63.720001,402114101,1200000021660060,2026-03-30T10:02:45
PREMIERPOL,INE309M01020,2026-03-30,NSE,EQ,EQ,sell,false,41.000000,63.740002,402114100,1200000021660060,2026-03-30T10:02:45
PREMIERPOL,INE309M01020,2026-03-30,NSE,EQ,EQ,sell,false,80.000000,63.750000,402114098,1200000021660060,2026-03-30T10:02:45
ADANIPOWER,INE814H01029,2026-03-30,NSE,EQ,EQ,buy,false,16.000000,152.369995,4905366,1000000056801866,2026-03-30T12:50:53
SHILPAMED,INE790G01031,2026-04-01,NSE,EQ,EQ,sell,false,29.000000,355.049988,600069648,1300000000314440,2026-04-01T09:15:02
AEGISVOPAK,INE0INX01018,2026-04-01,NSE,EQ,EQ,buy,false,27.000000,164.089996,1403635,1000000011880856,2026-04-01T09:42:13
PARKHOTELS,INE988S01028,2026-04-01,NSE,EQ,EQ,buy,false,47.000000,103.279999,402017324,1200000019762633,2026-04-01T10:04:06
PARAS,INE045601023,2026-04-01,NSE,EQ,EQ,buy,false,7.000000,632.700012,402793531,1200000030081325,2026-04-01T10:40:59
CAPACITE,INE264T01014,2026-04-01,BSE,EQ,B,buy,false,22.000000,214.149994,5412200,1775019030038869006,2026-04-01T11:00:28
BEPL,INE922A01025,2026-04-01,BSE,EQ,B,buy,false,57.000000,87.199997,4966800,1775020442444345660,2026-04-01T11:19:17
SIGMA,INE0A0S01028,2026-04-01,NSE,EQ,EQ,buy,false,34.000000,38.790001,604352015,1300000045511736,2026-04-01T11:40:30
SIGMA,INE0A0S01028,2026-04-01,NSE,EQ,EQ,buy,false,38.000000,38.799999,604352017,1300000045511736,2026-04-01T11:40:30
SIGMA,INE0A0S01028,2026-04-01,NSE,EQ,EQ,buy,false,57.000000,38.790001,604352016,1300000045511736,2026-04-01T11:40:30
ORICONENT,INE730A01022,2026-04-02,NSE,EQ,EQ,buy,false,30.000000,65.410004,402922391,1200000034109028,2026-04-02T11:13:13
ORICONENT,INE730A01022,2026-04-02,NSE,EQ,EQ,buy,false,1.000000,65.349998,402922380,1200000034109028,2026-04-02T11:13:13
ORICONENT,INE730A01022,2026-04-02,NSE,EQ,EQ,buy,false,12.000000,65.480003,402922396,1200000034109028,2026-04-02T11:13:13
ORICONENT,INE730A01022,2026-04-02,NSE,EQ,EQ,buy,false,158.000000,65.260002,402922377,1200000034109028,2026-04-02T11:13:13
ORICONENT,INE730A01022,2026-04-02,NSE,EQ,EQ,buy,false,28.000000,65.430000,402922394,1200000034109028,2026-04-02T11:13:13
ORICONENT,INE730A01022,2026-04-02,NSE,EQ,EQ,buy,false,10.000000,65.300003,402922379,1200000034109028,2026-04-02T11:13:13
ORICONENT,INE730A01022,2026-04-02,NSE,EQ,EQ,buy,false,30.000000,65.449997,402922395,1200000034109028,2026-04-02T11:13:13
ORICONENT,INE730A01022,2026-04-02,NSE,EQ,EQ,buy,false,33.000000,65.389999,402922389,1200000034109028,2026-04-02T11:13:13
ORICONENT,INE730A01022,2026-04-02,NSE,EQ,EQ,buy,false,39.000000,65.290001,402922378,1200000034109028,2026-04-02T11:13:13
ORICONENT,INE730A01022,2026-04-02,NSE,EQ,EQ,buy,false,4.000000,65.430000,402922392,1200000034109028,2026-04-02T11:13:13
ORICONENT,INE730A01022,2026-04-02,NSE,EQ,EQ,buy,false,50.000000,65.389999,402922381,1200000034109028,2026-04-02T11:13:13
ORICONENT,INE730A01022,2026-04-02,NSE,EQ,EQ,buy,false,50.000000,65.389999,402922383,1200000034109028,2026-04-02T11:13:13
ORICONENT,INE730A01022,2026-04-02,NSE,EQ,EQ,buy,false,50.000000,65.389999,402922385,1200000034109028,2026-04-02T11:13:13
ORICONENT,INE730A01022,2026-04-02,NSE,EQ,EQ,buy,false,50.000000,65.389999,402922387,1200000034109028,2026-04-02T11:13:13
ORICONENT,INE730A01022,2026-04-02,NSE,EQ,EQ,buy,false,52.000000,65.389999,402922390,1200000034109028,2026-04-02T11:13:13
ORICONENT,INE730A01022,2026-04-02,NSE,EQ,EQ,buy,false,55.000000,65.430000,402922393,1200000034109028,2026-04-02T11:13:13
ORICONENT,INE730A01022,2026-04-02,NSE,EQ,EQ,buy,false,9.000000,65.389999,402922382,1200000034109028,2026-04-02T11:13:13
ORICONENT,INE730A01022,2026-04-02,NSE,EQ,EQ,buy,false,9.000000,65.389999,402922384,1200000034109028,2026-04-02T11:13:13
ORICONENT,INE730A01022,2026-04-02,NSE,EQ,EQ,buy,false,9.000000,65.389999,402922386,1200000034109028,2026-04-02T11:13:13
ORICONENT,INE730A01022,2026-04-02,NSE,EQ,EQ,buy,false,9.000000,65.389999,402922388,1200000034109028,2026-04-02T11:13:13
BANSWRAS,INE629D01020,2026-04-02,NSE,EQ,EQ,buy,false,83.000000,105.349998,2640544,1000000030397456,2026-04-02T11:16:22
BANSWRAS,INE629D01020,2026-04-02,NSE,EQ,EQ,buy,false,10.000000,104.940002,2640537,1000000030397456,2026-04-02T11:16:22
BANSWRAS,INE629D01020,2026-04-02,NSE,EQ,EQ,buy,false,1.000000,105.290001,2640541,1000000030397456,2026-04-02T11:16:22
BANSWRAS,INE629D01020,2026-04-02,NSE,EQ,EQ,buy,false,1.000000,105.300003,2640543,1000000030397456,2026-04-02T11:16:22
BANSWRAS,INE629D01020,2026-04-02,NSE,EQ,EQ,buy,false,11.000000,104.980003,2640538,1000000030397456,2026-04-02T11:16:22
BANSWRAS,INE629D01020,2026-04-02,NSE,EQ,EQ,buy,false,14.000000,104.739998,2640534,1000000030397456,2026-04-02T11:16:22
BANSWRAS,INE629D01020,2026-04-02,NSE,EQ,EQ,buy,false,25.000000,105.000000,2640540,1000000030397456,2026-04-02T11:16:22
BANSWRAS,INE629D01020,2026-04-02,NSE,EQ,EQ,buy,false,26.000000,104.830002,2640535,1000000030397456,2026-04-02T11:16:22
BANSWRAS,INE629D01020,2026-04-02,NSE,EQ,EQ,buy,false,27.000000,104.860001,2640536,1000000030397456,2026-04-02T11:16:22
BANSWRAS,INE629D01020,2026-04-02,NSE,EQ,EQ,buy,false,29.000000,104.720001,2640533,1000000030397456,2026-04-02T11:16:22
BANSWRAS,INE629D01020,2026-04-02,NSE,EQ,EQ,buy,false,50.000000,105.290001,2640542,1000000030397456,2026-04-02T11:16:22
BANSWRAS,INE629D01020,2026-04-02,NSE,EQ,EQ,buy,false,100.000000,105.000000,2640539,1000000030397456,2026-04-02T11:16:22
BANSWRAS,INE629D01020,2026-04-02,NSE,EQ,EQ,buy,false,98.000000,104.709999,2640532,1000000030397456,2026-04-02T11:16:22
AUTOIND,INE718H01014,2026-04-02,NSE,EQ,EQ,buy,false,127.000000,54.849998,2963186,1000000035173908,2026-04-02T11:40:23
AUTOIND,INE718H01014,2026-04-02,NSE,EQ,EQ,buy,false,147.000000,54.779999,2963183,1000000035173908,2026-04-02T11:40:23
AUTOIND,INE718H01014,2026-04-02,NSE,EQ,EQ,buy,false,158.000000,54.689999,2963182,1000000035173908,2026-04-02T11:40:23
AUTOIND,INE718H01014,2026-04-02,NSE,EQ,EQ,buy,false,161.000000,54.790001,2963184,1000000035173908,2026-04-02T11:40:23
AUTOIND,INE718H01014,2026-04-02,NSE,EQ,EQ,buy,false,21.000000,54.610001,2963180,1000000035173908,2026-04-02T11:40:23
AUTOIND,INE718H01014,2026-04-02,NSE,EQ,EQ,buy,false,49.000000,54.840000,2963185,1000000035173908,2026-04-02T11:40:23
AUTOIND,INE718H01014,2026-04-02,NSE,EQ,EQ,buy,false,66.000000,54.660000,2963181,1000000035173908,2026-04-02T11:40:23
AUTOIND,INE718H01014,2026-04-02,NSE,EQ,EQ,buy,false,97.000000,54.849998,2963187,1000000035173908,2026-04-02T11:40:23
SIGMA,INE0A0S01028,2026-04-02,NSE,EQ,EQ,buy,false,10.000000,38.700001,605271763,1300000062079756,2026-04-02T12:41:34
SIGMA,INE0A0S01028,2026-04-02,NSE,EQ,EQ,buy,false,55.000000,38.770000,605271764,1300000062079756,2026-04-02T12:41:34
SIGMA,INE0A0S01028,2026-04-02,NSE,EQ,EQ,buy,false,57.000000,38.790001,605271766,1300000062079756,2026-04-02T12:41:34
SIGMA,INE0A0S01028,2026-04-02,NSE,EQ,EQ,buy,false,7.000000,38.770000,605271765,1300000062079756,2026-04-02T12:41:34
HPAL,INE0GSL01024,2026-04-02,NSE,EQ,EQ,buy,false,19.000000,31.030001,207691885,1100000086336302,2026-04-02T14:03:45
HPAL,INE0GSL01024,2026-04-02,NSE,EQ,EQ,buy,false,113.000000,30.930000,207691880,1100000086336302,2026-04-02T14:03:45
HPAL,INE0GSL01024,2026-04-02,NSE,EQ,EQ,buy,false,260.000000,30.990000,207691883,1100000086336302,2026-04-02T14:03:45
HPAL,INE0GSL01024,2026-04-02,NSE,EQ,EQ,buy,false,47.000000,30.860001,207691879,1100000086336302,2026-04-02T14:03:45
HPAL,INE0GSL01024,2026-04-02,NSE,EQ,EQ,buy,false,50.000000,30.990000,207691882,1100000086336302,2026-04-02T14:03:45
HPAL,INE0GSL01024,2026-04-02,NSE,EQ,EQ,buy,false,55.000000,31.000000,207691884,1100000086336302,2026-04-02T14:03:45
HPAL,INE0GSL01024,2026-04-02,NSE,EQ,EQ,buy,false,70.000000,30.990000,207691881,1100000086336302,2026-04-02T14:03:45
ADANIPOWER,INE814H01029,2026-04-06,NSE,EQ,EQ,sell,false,145.000000,162.449997,161724,1000000000874816,2026-04-06T09:15:58
ALPA,INE385I01010,2026-04-06,NSE,EQ,EQ,buy,false,1.000000,54.830002,1581487,1000000015793129,2026-04-06T09:52:54
ALPA,INE385I01010,2026-04-06,NSE,EQ,EQ,buy,false,43.000000,54.770000,1581486,1000000015793129,2026-04-06T09:52:54
ALPA,INE385I01010,2026-04-06,NSE,EQ,EQ,buy,false,77.000000,54.840000,1581488,1000000015793129,2026-04-06T09:52:54
ALPA,INE385I01010,2026-04-06,NSE,EQ,EQ,buy,false,96.000000,54.770000,1581485,1000000015793129,2026-04-06T09:52:54
COASTCORP,INE377E01024,2026-04-06,NSE,EQ,EQ,buy,false,152.000000,47.000000,1582362,1000000015793771,2026-04-06T09:52:54
COASTCORP,INE377E01024,2026-04-06,NSE,EQ,EQ,buy,false,94.000000,47.000000,1630086,1000000015793771,2026-04-06T09:52:54
COASTCORP,INE377E01024,2026-04-06,NSE,EQ,EQ,sell,false,246.000000,48.910000,3783787,1000000044523395,2026-04-06T12:07:16
ALPA,INE385I01010,2026-04-06,NSE,EQ,EQ,sell,false,217.000000,62.099998,3837446,1000000045640504,2026-04-06T12:12:28
HPAL,INE0GSL01024,2026-04-06,NSE,EQ,EQ,sell,false,11.000000,32.169998,205563935,1100000059300624,2026-04-06T12:18:08
HPAL,INE0GSL01024,2026-04-06,NSE,EQ,EQ,sell,false,1.000000,32.189999,205563932,1100000059300624,2026-04-06T12:18:08
HPAL,INE0GSL01024,2026-04-06,NSE,EQ,EQ,sell,false,114.000000,32.180000,205563934,1100000059300624,2026-04-06T12:18:08
HPAL,INE0GSL01024,2026-04-06,NSE,EQ,EQ,sell,false,128.000000,32.189999,205563933,1100000059300624,2026-04-06T12:18:08
HPAL,INE0GSL01024,2026-04-06,NSE,EQ,EQ,sell,false,159.000000,32.150002,205563937,1100000059300624,2026-04-06T12:18:08
HPAL,INE0GSL01024,2026-04-06,NSE,EQ,EQ,sell,false,195.000000,32.160000,205563936,1100000059300624,2026-04-06T12:18:08
HPAL,INE0GSL01024,2026-04-06,NSE,EQ,EQ,sell,false,6.000000,32.139999,205563938,1100000059300624,2026-04-06T12:18:08
ACMESOLAR,INE622W01025,2026-04-06,BSE,EQ,A,sell,false,1.000000,279.750000,12772000,1775454978070780916,2026-04-06T12:19:49
ACMESOLAR,INE622W01025,2026-04-06,BSE,EQ,A,sell,false,19.000000,279.750000,12771600,1775454978070780916,2026-04-06T12:19:49
ACMESOLAR,INE622W01025,2026-04-06,BSE,EQ,A,sell,false,30.000000,279.750000,12772200,1775454978070780916,2026-04-06T12:19:49
ACMESOLAR,INE622W01025,2026-04-06,BSE,EQ,A,sell,false,5.000000,279.750000,12771800,1775454978070780916,2026-04-06T12:19:49
AUTOIND,INE718H01014,2026-04-06,BSE,EQ,B,sell,false,39.000000,58.389999,3834000,1775456152412117639,2026-04-06T12:30:31
AUTOIND,INE718H01014,2026-04-06,BSE,EQ,B,sell,false,9.000000,58.389999,3839400,1775456152412117639,2026-04-06T12:30:31
AUTOIND,INE718H01014,2026-04-06,BSE,EQ,B,sell,false,3.000000,58.389999,3829000,1775456152412117639,2026-04-06T12:30:31
AUTOIND,INE718H01014,2026-04-06,BSE,EQ,B,sell,false,3.000000,58.389999,3829400,1775456152412117639,2026-04-06T12:30:31
AUTOIND,INE718H01014,2026-04-06,BSE,EQ,B,sell,false,3.000000,58.389999,3829600,1775456152412117639,2026-04-06T12:30:31
AUTOIND,INE718H01014,2026-04-06,BSE,EQ,B,sell,false,3.000000,58.389999,3829800,1775456152412117639,2026-04-06T12:30:31
AUTOIND,INE718H01014,2026-04-06,BSE,EQ,B,sell,false,3.000000,58.389999,3830200,1775456152412117639,2026-04-06T12:30:31
AUTOIND,INE718H01014,2026-04-06,BSE,EQ,B,sell,false,3.000000,58.389999,3830400,1775456152412117639,2026-04-06T12:30:31
AUTOIND,INE718H01014,2026-04-06,BSE,EQ,B,sell,false,3.000000,58.389999,3830800,1775456152412117639,2026-04-06T12:30:31
AUTOIND,INE718H01014,2026-04-06,BSE,EQ,B,sell,false,3.000000,58.389999,3831000,1775456152412117639,2026-04-06T12:30:31
AUTOIND,INE718H01014,2026-04-06,BSE,EQ,B,sell,false,3.000000,58.389999,3831200,1775456152412117639,2026-04-06T12:30:31
AUTOIND,INE718H01014,2026-04-06,BSE,EQ,B,sell,false,3.000000,58.389999,3831400,1775456152412117639,2026-04-06T12:30:31
AUTOIND,INE718H01014,2026-04-06,BSE,EQ,B,sell,false,3.000000,58.389999,3831600,1775456152412117639,2026-04-06T12:30:31
AUTOIND,INE718H01014,2026-04-06,BSE,EQ,B,sell,false,3.000000,58.389999,3831800,1775456152412117639,2026-04-06T12:30:31
AUTOIND,INE718H01014,2026-04-06,BSE,EQ,B,sell,false,3.000000,58.389999,3832000,1775456152412117639,2026-04-06T12:30:31
AUTOIND,INE718H01014,2026-04-06,BSE,EQ,B,sell,false,3.000000,58.389999,3832600,1775456152412117639,2026-04-06T12:30:31
AUTOIND,INE718H01014,2026-04-06,BSE,EQ,B,sell,false,3.000000,58.389999,3832800,1775456152412117639,2026-04-06T12:30:31
AUTOIND,INE718H01014,2026-04-06,BSE,EQ,B,sell,false,3.000000,58.389999,3833000,1775456152412117639,2026-04-06T12:30:31
AUTOIND,INE718H01014,2026-04-06,BSE,EQ,B,sell,false,32.000000,58.389999,3827800,1775456152412117639,2026-04-06T12:30:31
AUTOIND,INE718H01014,2026-04-06,BSE,EQ,B,sell,false,32.000000,58.389999,3828000,1775456152412117639,2026-04-06T12:30:31
AUTOIND,INE718H01014,2026-04-06,BSE,EQ,B,sell,false,33.000000,58.389999,3833400,1775456152412117639,2026-04-06T12:30:31
AUTOIND,INE718H01014,2026-04-06,BSE,EQ,B,sell,false,33.000000,58.389999,3833600,1775456152412117639,2026-04-06T12:30:31
AUTOIND,INE718H01014,2026-04-06,BSE,EQ,B,sell,false,33.000000,58.389999,3839000,1775456152412117639,2026-04-06T12:30:31
AUTOIND,INE718H01014,2026-04-06,BSE,EQ,B,sell,false,33.000000,58.389999,3839200,1775456152412117639,2026-04-06T12:30:31
AUTOIND,INE718H01014,2026-04-06,BSE,EQ,B,sell,false,3.000000,58.389999,3828600,1775456152412117639,2026-04-06T12:30:31
AUTOIND,INE718H01014,2026-04-06,BSE,EQ,B,sell,false,5.000000,58.389999,3829200,1775456152412117639,2026-04-06T12:30:31
AUTOIND,INE718H01014,2026-04-06,BSE,EQ,B,sell,false,5.000000,58.389999,3830000,1775456152412117639,2026-04-06T12:30:31
AUTOIND,INE718H01014,2026-04-06,BSE,EQ,B,sell,false,5.000000,58.389999,3830600,1775456152412117639,2026-04-06T12:30:31
AUTOIND,INE718H01014,2026-04-06,BSE,EQ,B,sell,false,5.000000,58.389999,3832200,1775456152412117639,2026-04-06T12:30:31
AUTOIND,INE718H01014,2026-04-06,BSE,EQ,B,sell,false,5.000000,58.389999,3832400,1775456152412117639,2026-04-06T12:30:31
AUTOIND,INE718H01014,2026-04-06,BSE,EQ,B,sell,false,5.000000,58.389999,3833200,1775456152412117639,2026-04-06T12:30:31
AUTOIND,INE718H01014,2026-04-06,BSE,EQ,B,sell,false,54.000000,58.389999,3826800,1775456152412117639,2026-04-06T12:30:31
AUTOIND,INE718H01014,2026-04-06,BSE,EQ,B,sell,false,55.000000,58.389999,3827600,1775456152412117639,2026-04-06T12:30:31
AUTOIND,INE718H01014,2026-04-06,BSE,EQ,B,sell,false,6.000000,58.389999,3834200,1775456152412117639,2026-04-06T12:30:31
AUTOIND,INE718H01014,2026-04-06,BSE,EQ,B,sell,false,6.000000,58.389999,3834400,1775456152412117639,2026-04-06T12:30:31
AUTOIND,INE718H01014,2026-04-06,BSE,EQ,B,sell,false,6.000000,58.389999,3834600,1775456152412117639,2026-04-06T12:30:31
AUTOIND,INE718H01014,2026-04-06,BSE,EQ,B,sell,false,6.000000,58.389999,3834800,1775456152412117639,2026-04-06T12:30:31
AUTOIND,INE718H01014,2026-04-06,BSE,EQ,B,sell,false,6.000000,58.389999,3835000,1775456152412117639,2026-04-06T12:30:31
AUTOIND,INE718H01014,2026-04-06,BSE,EQ,B,sell,false,6.000000,58.389999,3835200,1775456152412117639,2026-04-06T12:30:31
AUTOIND,INE718H01014,2026-04-06,BSE,EQ,B,sell,false,6.000000,58.389999,3835400,1775456152412117639,2026-04-06T12:30:31
AUTOIND,INE718H01014,2026-04-06,BSE,EQ,B,sell,false,6.000000,58.389999,3835600,1775456152412117639,2026-04-06T12:30:31
AUTOIND,INE718H01014,2026-04-06,BSE,EQ,B,sell,false,6.000000,58.389999,3835800,1775456152412117639,2026-04-06T12:30:31
AUTOIND,INE718H01014,2026-04-06,BSE,EQ,B,sell,false,6.000000,58.389999,3836000,1775456152412117639,2026-04-06T12:30:31
AUTOIND,INE718H01014,2026-04-06,BSE,EQ,B,sell,false,6.000000,58.389999,3836200,1775456152412117639,2026-04-06T12:30:31
AUTOIND,INE718H01014,2026-04-06,BSE,EQ,B,sell,false,6.000000,58.389999,3836400,1775456152412117639,2026-04-06T12:30:31
AUTOIND,INE718H01014,2026-04-06,BSE,EQ,B,sell,false,6.000000,58.389999,3836600,1775456152412117639,2026-04-06T12:30:31
AUTOIND,INE718H01014,2026-04-06,BSE,EQ,B,sell,false,6.000000,58.389999,3836800,1775456152412117639,2026-04-06T12:30:31
AUTOIND,INE718H01014,2026-04-06,BSE,EQ,B,sell,false,6.000000,58.389999,3837000,1775456152412117639,2026-04-06T12:30:31
AUTOIND,INE718H01014,2026-04-06,BSE,EQ,B,sell,false,6.000000,58.389999,3837200,1775456152412117639,2026-04-06T12:30:31
AUTOIND,INE718H01014,2026-04-06,BSE,EQ,B,sell,false,6.000000,58.389999,3837400,1775456152412117639,2026-04-06T12:30:31
AUTOIND,INE718H01014,2026-04-06,BSE,EQ,B,sell,false,6.000000,58.389999,3837600,1775456152412117639,2026-04-06T12:30:31
AUTOIND,INE718H01014,2026-04-06,BSE,EQ,B,sell,false,6.000000,58.389999,3837800,1775456152412117639,2026-04-06T12:30:31
AUTOIND,INE718H01014,2026-04-06,BSE,EQ,B,sell,false,6.000000,58.389999,3838000,1775456152412117639,2026-04-06T12:30:31
AUTOIND,INE718H01014,2026-04-06,BSE,EQ,B,sell,false,6.000000,58.389999,3838200,1775456152412117639,2026-04-06T12:30:31
AUTOIND,INE718H01014,2026-04-06,BSE,EQ,B,sell,false,6.000000,58.389999,3838400,1775456152412117639,2026-04-06T12:30:31
AUTOIND,INE718H01014,2026-04-06,BSE,EQ,B,sell,false,6.000000,58.389999,3838600,1775456152412117639,2026-04-06T12:30:31
AUTOIND,INE718H01014,2026-04-06,BSE,EQ,B,sell,false,6.000000,58.389999,3838800,1775456152412117639,2026-04-06T12:30:31
AUTOIND,INE718H01014,2026-04-06,BSE,EQ,B,sell,false,63.000000,58.389999,3828200,1775456152412117639,2026-04-06T12:30:31
AUTOIND,INE718H01014,2026-04-06,BSE,EQ,B,sell,false,69.000000,58.389999,3827200,1775456152412117639,2026-04-06T12:30:31
AUTOIND,INE718H01014,2026-04-06,BSE,EQ,B,sell,false,86.000000,58.389999,3827000,1775456152412117639,2026-04-06T12:30:31
AUTOIND,INE718H01014,2026-04-06,BSE,EQ,B,sell,false,9.000000,58.389999,3827400,1775456152412117639,2026-04-06T12:30:31
AUTOIND,INE718H01014,2026-04-06,BSE,EQ,B,sell,false,9.000000,58.389999,3828400,1775456152412117639,2026-04-06T12:30:31
AUTOIND,INE718H01014,2026-04-06,BSE,EQ,B,sell,false,9.000000,58.389999,3833800,1775456152412117639,2026-04-06T12:30:31
AUTOIND,INE718H01014,2026-04-06,BSE,EQ,B,sell,false,3.000000,58.389999,3828800,1775456152412117639,2026-04-06T12:30:31
BANSWRAS,INE629D01020,2026-04-06,NSE,EQ,EQ,sell,false,219.000000,102.169998,4161366,1000000049778328,2026-04-06T12:36:20
BANSWRAS,INE629D01020,2026-04-06,NSE,EQ,EQ,sell,false,126.000000,102.169998,4161371,1000000049778328,2026-04-06T12:36:20
BANSWRAS,INE629D01020,2026-04-06,NSE,EQ,EQ,sell,false,3.000000,102.300003,4161360,1000000049778328,2026-04-06T12:36:20
BANSWRAS,INE629D01020,2026-04-06,NSE,EQ,EQ,sell,false,4.000000,102.300003,4161361,1000000049778328,2026-04-06T12:36:20
BANSWRAS,INE629D01020,2026-04-06,NSE,EQ,EQ,sell,false,50.000000,102.169998,4161365,1000000049778328,2026-04-06T12:36:20
BANSWRAS,INE629D01020,2026-04-06,NSE,EQ,EQ,sell,false,5.000000,102.169998,4161364,1000000049778328,2026-04-06T12:36:20
BANSWRAS,INE629D01020,2026-04-06,NSE,EQ,EQ,sell,false,56.000000,102.180000,4161362,1000000049778328,2026-04-06T12:36:20
BANSWRAS,INE629D01020,2026-04-06,NSE,EQ,EQ,sell,false,6.000000,102.169998,4161363,1000000049778328,2026-04-06T12:36:20
BANSWRAS,INE629D01020,2026-04-06,NSE,EQ,EQ,sell,false,6.000000,102.169998,4161372,1000000049778328,2026-04-06T12:36:20
ORIENTCER,INE569C01020,2026-04-06,NSE,EQ,EQ,sell,false,1.000000,38.709999,405892668,1200000076280637,2026-04-06T13:51:39
ORIENTCER,INE569C01020,2026-04-06,NSE,EQ,EQ,sell,false,1.000000,38.709999,405892662,1200000076280637,2026-04-06T13:51:39
ORIENTCER,INE569C01020,2026-04-06,NSE,EQ,EQ,sell,false,1.000000,38.709999,405892664,1200000076280637,2026-04-06T13:51:39
ORIENTCER,INE569C01020,2026-04-06,NSE,EQ,EQ,sell,false,1.000000,38.709999,405892666,1200000076280637,2026-04-06T13:51:39
ORIENTCER,INE569C01020,2026-04-06,NSE,EQ,EQ,sell,false,1.000000,38.639999,405892673,1200000076280637,2026-04-06T13:51:39
ORIENTCER,INE569C01020,2026-04-06,NSE,EQ,EQ,sell,false,135.000000,38.650002,405892671,1200000076280637,2026-04-06T13:51:39
ORIENTCER,INE569C01020,2026-04-06,NSE,EQ,EQ,sell,false,2.000000,38.709999,405892670,1200000076280637,2026-04-06T13:51:39
ORIENTCER,INE569C01020,2026-04-06,NSE,EQ,EQ,sell,false,2.000000,38.720001,405892660,1200000076280637,2026-04-06T13:51:39
ORIENTCER,INE569C01020,2026-04-06,NSE,EQ,EQ,sell,false,35.000000,38.709999,405892669,1200000076280637,2026-04-06T13:51:39
ORIENTCER,INE569C01020,2026-04-06,NSE,EQ,EQ,sell,false,38.000000,38.750000,405892659,1200000076280637,2026-04-06T13:51:39
ORIENTCER,INE569C01020,2026-04-06,NSE,EQ,EQ,sell,false,45.000000,38.650002,405892672,1200000076280637,2026-04-06T13:51:39
ORIENTCER,INE569C01020,2026-04-06,NSE,EQ,EQ,sell,false,45.000000,38.709999,405892661,1200000076280637,2026-04-06T13:51:39
ORIENTCER,INE569C01020,2026-04-06,NSE,EQ,EQ,sell,false,45.000000,38.709999,405892663,1200000076280637,2026-04-06T13:51:39
ORIENTCER,INE569C01020,2026-04-06,NSE,EQ,EQ,sell,false,45.000000,38.709999,405892665,1200000076280637,2026-04-06T13:51:39
ORIENTCER,INE569C01020,2026-04-06,NSE,EQ,EQ,sell,false,45.000000,38.709999,405892667,1200000076280637,2026-04-06T13:51:39
ORIENTCER,INE569C01020,2026-04-06,NSE,EQ,EQ,sell,false,8.000000,38.639999,405892674,1200000076280637,2026-04-06T13:51:39
ORIENTCER,INE569C01020,2026-04-06,NSE,EQ,EQ,sell,false,96.000000,38.759998,405892658,1200000076280637,2026-04-06T13:51:39
SIGMA,INE0A0S01028,2026-04-06,NSE,EQ,EQ,buy,false,6.000000,40.439999,607845433,1300000086185192,2026-04-06T13:58:23
VMSTMT,INE0SJA01013,2026-04-06,NSE,EQ,EQ,buy,false,99.000000,38.939999,607845463,1300000086185393,2026-04-06T13:58:23
SIGMA,INE0A0S01028,2026-04-06,NSE,EQ,EQ,buy,false,29.000000,40.540001,607845436,1300000086185192,2026-04-06T13:58:23
SIGMA,INE0A0S01028,2026-04-06,NSE,EQ,EQ,buy,false,55.000000,40.400002,607845429,1300000086185192,2026-04-06T13:58:23
SIGMA,INE0A0S01028,2026-04-06,NSE,EQ,EQ,buy,false,59.000000,40.439999,607845431,1300000086185192,2026-04-06T13:58:23
SIGMA,INE0A0S01028,2026-04-06,NSE,EQ,EQ,buy,false,6.000000,40.430000,607845430,1300000086185192,2026-04-06T13:58:23
SIGMA,INE0A0S01028,2026-04-06,NSE,EQ,EQ,buy,false,6.000000,40.439999,607845432,1300000086185192,2026-04-06T13:58:23
SIGMA,INE0A0S01028,2026-04-06,NSE,EQ,EQ,buy,false,218.000000,40.500000,607845435,1300000086185192,2026-04-06T13:58:23
SIGMA,INE0A0S01028,2026-04-06,NSE,EQ,EQ,buy,false,86.000000,40.389999,607845428,1300000086185192,2026-04-06T13:58:23
COASTCORP,INE377E01024,2026-04-06,NSE,EQ,EQ,buy,false,131.000000,47.680000,5312549,1000000063561955,2026-04-06T13:58:23
COASTCORP,INE377E01024,2026-04-06,NSE,EQ,EQ,buy,false,17.000000,47.470001,5312546,1000000063561955,2026-04-06T13:58:23
COASTCORP,INE377E01024,2026-04-06,NSE,EQ,EQ,buy,false,215.000000,47.590000,5312548,1000000063561955,2026-04-06T13:58:23
COASTCORP,INE377E01024,2026-04-06,NSE,EQ,EQ,buy,false,55.000000,47.490002,5312547,1000000063561955,2026-04-06T13:58:23
VMSTMT,INE0SJA01013,2026-04-06,NSE,EQ,EQ,buy,false,1.000000,38.919998,607845445,1300000086185393,2026-04-06T13:58:23
VMSTMT,INE0SJA01013,2026-04-06,NSE,EQ,EQ,buy,false,1.000000,38.919998,607845446,1300000086185393,2026-04-06T13:58:23
VMSTMT,INE0SJA01013,2026-04-06,NSE,EQ,EQ,buy,false,1.000000,38.919998,607845447,1300000086185393,2026-04-06T13:58:23
VMSTMT,INE0SJA01013,2026-04-06,NSE,EQ,EQ,buy,false,1.000000,38.919998,607845448,1300000086185393,2026-04-06T13:58:23
VMSTMT,INE0SJA01013,2026-04-06,NSE,EQ,EQ,buy,false,1.000000,38.919998,607845449,1300000086185393,2026-04-06T13:58:23
VMSTMT,INE0SJA01013,2026-04-06,NSE,EQ,EQ,buy,false,1.000000,38.919998,607845450,1300000086185393,2026-04-06T13:58:23
VMSTMT,INE0SJA01013,2026-04-06,NSE,EQ,EQ,buy,false,1.000000,38.919998,607845451,1300000086185393,2026-04-06T13:58:23
VMSTMT,INE0SJA01013,2026-04-06,NSE,EQ,EQ,buy,false,1.000000,38.930000,607845454,1300000086185393,2026-04-06T13:58:23
VMSTMT,INE0SJA01013,2026-04-06,NSE,EQ,EQ,buy,false,1.000000,38.930000,607845456,1300000086185393,2026-04-06T13:58:23
VMSTMT,INE0SJA01013,2026-04-06,NSE,EQ,EQ,buy,false,1.000000,38.930000,607845458,1300000086185393,2026-04-06T13:58:23
VMSTMT,INE0SJA01013,2026-04-06,NSE,EQ,EQ,buy,false,1.000000,38.930000,607845460,1300000086185393,2026-04-06T13:58:23
VMSTMT,INE0SJA01013,2026-04-06,NSE,EQ,EQ,buy,false,1.000000,38.930000,607845461,1300000086185393,2026-04-06T13:58:23
VMSTMT,INE0SJA01013,2026-04-06,NSE,EQ,EQ,buy,false,20.000000,38.930000,607845453,1300000086185393,2026-04-06T13:58:23
VMSTMT,INE0SJA01013,2026-04-06,NSE,EQ,EQ,buy,false,20.000000,38.930000,607845455,1300000086185393,2026-04-06T13:58:23
VMSTMT,INE0SJA01013,2026-04-06,NSE,EQ,EQ,buy,false,20.000000,38.930000,607845457,1300000086185393,2026-04-06T13:58:23
VMSTMT,INE0SJA01013,2026-04-06,NSE,EQ,EQ,buy,false,20.000000,38.930000,607845459,1300000086185393,2026-04-06T13:58:23
VMSTMT,INE0SJA01013,2026-04-06,NSE,EQ,EQ,buy,false,250.000000,38.900002,607845444,1300000086185393,2026-04-06T13:58:23
VMSTMT,INE0SJA01013,2026-04-06,NSE,EQ,EQ,buy,false,3.000000,38.930000,607845462,1300000086185393,2026-04-06T13:58:23
VMSTMT,INE0SJA01013,2026-04-06,NSE,EQ,EQ,buy,false,4.000000,38.919998,607845452,1300000086185393,2026-04-06T13:58:23
VMSTMT,INE0SJA01013,2026-04-06,NSE,EQ,EQ,buy,false,65.000000,38.889999,607845443,1300000086185393,2026-04-06T13:58:23
SIGMA,INE0A0S01028,2026-04-06,NSE,EQ,EQ,buy,false,25.000000,40.490002,607845434,1300000086185192,2026-04-06T13:58:23
CHEMPLASTS,INE488A01050,2026-04-06,BSE,EQ,B,sell,false,5.000000,238.899994,4815800,1775453957375679634,2026-04-06T14:05:16
CHEMPLASTS,INE488A01050,2026-04-06,BSE,EQ,B,sell,false,5.000000,239.000000,4815400,1775453957375679634,2026-04-06T14:05:16
CHEMPLASTS,INE488A01050,2026-04-06,BSE,EQ,B,sell,false,7.000000,238.850006,4816000,1775453957375679634,2026-04-06T14:05:16
CHEMPLASTS,INE488A01050,2026-04-06,BSE,EQ,B,sell,false,8.000000,238.949997,4815600,1775453957375679634,2026-04-06T14:05:16
CHEMPLASTS,INE488A01050,2026-04-06,BSE,EQ,B,sell,false,9.000000,239.050003,4815200,1775453957375679634,2026-04-06T14:05:16
MANAKSIA,INE015D01022,2026-04-07,NSE,EQ,EQ,buy,false,12.000000,52.230000,401952096,1200000023019748,2026-04-07T10:17:56
INDORAMA,INE156A01020,2026-04-07,NSE,EQ,EQ,buy,false,264.000000,34.400002,202678599,1100000024923322,2026-04-07T10:17:56
INDORAMA,INE156A01020,2026-04-07,NSE,EQ,EQ,buy,false,5.000000,34.320000,202678597,1100000024923322,2026-04-07T10:17:56
INDORAMA,INE156A01020,2026-04-07,NSE,EQ,EQ,buy,false,78.000000,34.279999,202678595,1100000024923322,2026-04-07T10:17:56
INDORAMA,INE156A01020,2026-04-07,NSE,EQ,EQ,buy,false,89.000000,34.270000,202678594,1100000024923322,2026-04-07T10:17:56
INDORAMA,INE156A01020,2026-04-07,NSE,EQ,EQ,buy,false,99.000000,34.320000,202678596,1100000024923322,2026-04-07T10:17:56
INDORAMA,INE156A01020,2026-04-07,NSE,EQ,EQ,buy,false,201.000000,34.320000,202678598,1100000024923322,2026-04-07T10:17:56
MANAKSIA,INE015D01022,2026-04-07,NSE,EQ,EQ,buy,false,425.000000,52.230000,401952097,1200000023019748,2026-04-07T10:17:56
MANAKSIA,INE015D01022,2026-04-07,NSE,EQ,EQ,buy,false,43.000000,52.290001,401952098,1200000023019748,2026-04-07T10:17:56
SIGMA,INE0A0S01028,2026-04-07,NSE,EQ,EQ,buy,false,7.000000,40.880001,602253189,1300000022859279,2026-04-07T10:17:57
BALAJITELE,INE794B01026,2026-04-07,NSE,EQ,EQ,buy,false,83.000000,86.589996,1592567,1000000017247973,2026-04-07T10:17:57
SIGMA,INE0A0S01028,2026-04-07,NSE,EQ,EQ,buy,false,189.000000,40.790001,602253188,1300000022859279,2026-04-07T10:17:57
SIGMA,INE0A0S01028,2026-04-07,NSE,EQ,EQ,buy,false,204.000000,40.889999,602253193,1300000022859279,2026-04-07T10:17:57
SIGMA,INE0A0S01028,2026-04-07,NSE,EQ,EQ,buy,false,23.000000,40.880001,602253191,1300000022859279,2026-04-07T10:17:57
SIGMA,INE0A0S01028,2026-04-07,NSE,EQ,EQ,buy,false,35.000000,40.889999,602253192,1300000022859279,2026-04-07T10:17:57
SIGMA,INE0A0S01028,2026-04-07,NSE,EQ,EQ,buy,false,59.000000,40.770000,602253187,1300000022859279,2026-04-07T10:17:57
SIGMA,INE0A0S01028,2026-04-07,NSE,EQ,EQ,buy,false,69.000000,40.689999,602253186,1300000022859279,2026-04-07T10:17:57
SIGMA,INE0A0S01028,2026-04-07,NSE,EQ,EQ,buy,false,15.000000,40.680000,602253185,1300000022859279,2026-04-07T10:17:57
BALAJITELE,INE794B01026,2026-04-07,NSE,EQ,EQ,buy,false,100.000000,86.529999,1592562,1000000017247973,2026-04-07T10:17:57
BALAJITELE,INE794B01026,2026-04-07,NSE,EQ,EQ,buy,false,10.000000,86.589996,1592565,1000000017247973,2026-04-07T10:17:57
BALAJITELE,INE794B01026,2026-04-07,NSE,EQ,EQ,buy,false,38.000000,86.589996,1592564,1000000017247973,2026-04-07T10:17:57
BALAJITELE,INE794B01026,2026-04-07,NSE,EQ,EQ,buy,false,40.000000,86.489998,1592561,1000000017247973,2026-04-07T10:17:57
BALAJITELE,INE794B01026,2026-04-07,NSE,EQ,EQ,buy,false,6.000000,86.470001,1592560,1000000017247973,2026-04-07T10:17:57
BALAJITELE,INE794B01026,2026-04-07,NSE,EQ,EQ,buy,false,7.000000,86.589996,1592563,1000000017247973,2026-04-07T10:17:57
BALAJITELE,INE794B01026,2026-04-07,NSE,EQ,EQ,buy,false,7.000000,86.589996,1592566,1000000017247973,2026-04-07T10:17:57
SIGMA,INE0A0S01028,2026-04-07,NSE,EQ,EQ,buy,false,15.000000,40.880001,602253190,1300000022859279,2026-04-07T10:17:57
SIGMA,INE0A0S01028,2026-04-07,NSE,EQ,EQ,sell,false,14.000000,41.660000,602817127,1300000029392014,2026-04-07T10:45:18
SIGMA,INE0A0S01028,2026-04-07,NSE,EQ,EQ,sell,false,542.000000,41.630001,602817129,1300000029392014,2026-04-07T10:45:18
SIGMA,INE0A0S01028,2026-04-07,NSE,EQ,EQ,sell,false,60.000000,41.650002,602817128,1300000029392014,2026-04-07T10:45:18
SIGMA,INE0A0S01028,2026-04-07,BSE,EQ,B,sell,false,10.000000,40.959999,2616000,1775532600094975160,2026-04-07T10:50:25
SIGMA,INE0A0S01028,2026-04-07,BSE,EQ,B,sell,false,153.000000,41.029999,2615500,1775532600094975160,2026-04-07T10:50:25
SIGMA,INE0A0S01028,2026-04-07,BSE,EQ,B,sell,false,27.000000,41.020000,2615700,1775532600094975160,2026-04-07T10:50:25
SIGMA,INE0A0S01028,2026-04-07,BSE,EQ,B,sell,false,56.000000,40.939999,2616400,1775532600094975160,2026-04-07T10:50:25
SIGMA,INE0A0S01028,2026-04-07,BSE,EQ,B,sell,false,750.000000,40.950001,2616200,1775532600094975160,2026-04-07T10:50:25
MANAKSIA,INE015D01022,2026-04-07,NSE,EQ,EQ,buy,false,8.000000,52.169998,402662223,1200000033397890,2026-04-07T10:56:51
XTGLOBAL,INE547B01028,2026-04-07,NSE,EQ,EQ,buy,false,98.000000,29.180000,603103824,1300000032421452,2026-04-07T10:56:51
GINNIFILA,INE424C01010,2026-04-07,NSE,EQ,EQ,buy,false,29.000000,36.230000,203746704,1100000036367466,2026-04-07T10:56:51
GINNIFILA,INE424C01010,2026-04-07,NSE,EQ,EQ,buy,false,29.000000,36.240002,203746707,1100000036367466,2026-04-07T10:56:51
GINNIFILA,INE424C01010,2026-04-07,NSE,EQ,EQ,buy,false,31.000000,36.220001,203746703,1100000036367466,2026-04-07T10:56:51
GINNIFILA,INE424C01010,2026-04-07,NSE,EQ,EQ,buy,false,32.000000,36.250000,203746708,1100000036367466,2026-04-07T10:56:51
GINNIFILA,INE424C01010,2026-04-07,NSE,EQ,EQ,buy,false,59.000000,36.209999,203746702,1100000036367466,2026-04-07T10:56:51
GINNIFILA,INE424C01010,2026-04-07,NSE,EQ,EQ,buy,false,70.000000,36.230000,203746706,1100000036367466,2026-04-07T10:56:51
GINNIFILA,INE424C01010,2026-04-07,NSE,EQ,EQ,buy,false,9.000000,36.340000,203746710,1100000036367466,2026-04-07T10:56:51
MANAKSIA,INE015D01022,2026-04-07,NSE,EQ,EQ,buy,false,10.000000,52.410000,402662227,1200000033397890,2026-04-07T10:56:51
MANAKSIA,INE015D01022,2026-04-07,NSE,EQ,EQ,buy,false,1.000000,52.419998,402662228,1200000033397890,2026-04-07T10:56:51
MANAKSIA,INE015D01022,2026-04-07,NSE,EQ,EQ,buy,false,1.000000,52.599998,402662233,1200000033397890,2026-04-07T10:56:51
MANAKSIA,INE015D01022,2026-04-07,NSE,EQ,EQ,buy,false,1.000000,52.599998,402662234,1200000033397890,2026-04-07T10:56:51
MANAKSIA,INE015D01022,2026-04-07,NSE,EQ,EQ,buy,false,1.000000,52.599998,402662236,1200000033397890,2026-04-07T10:56:51
MANAKSIA,INE015D01022,2026-04-07,NSE,EQ,EQ,buy,false,1.000000,52.599998,402662264,1200000033397890,2026-04-07T10:56:51
MANAKSIA,INE015D01022,2026-04-07,NSE,EQ,EQ,buy,false,15.000000,52.599998,402662235,1200000033397890,2026-04-07T10:56:51
MANAKSIA,INE015D01022,2026-04-07,NSE,EQ,EQ,buy,false,3.000000,52.599998,402662230,1200000033397890,2026-04-07T10:56:51
MANAKSIA,INE015D01022,2026-04-07,NSE,EQ,EQ,buy,false,5.000000,52.599998,402662262,1200000033397890,2026-04-07T10:56:51
MANAKSIA,INE015D01022,2026-04-07,NSE,EQ,EQ,buy,false,57.000000,52.599998,402667303,1200000033397890,2026-04-07T10:56:51
MANAKSIA,INE015D01022,2026-04-07,NSE,EQ,EQ,buy,false,59.000000,52.599998,402662229,1200000033397890,2026-04-07T10:56:51
MANAKSIA,INE015D01022,2026-04-07,NSE,EQ,EQ,buy,false,8.000000,52.150002,402662222,1200000033397890,2026-04-07T10:56:51
GINNIFILA,INE424C01010,2026-04-07,NSE,EQ,EQ,buy,false,1.000000,36.290001,203746709,1100000036367466,2026-04-07T10:56:51
MANAKSIA,INE015D01022,2026-04-07,NSE,EQ,EQ,buy,false,8.000000,52.189999,402662224,1200000033397890,2026-04-07T10:56:51
MANAKSIA,INE015D01022,2026-04-07,NSE,EQ,EQ,buy,false,8.000000,52.209999,402662225,1200000033397890,2026-04-07T10:56:51
MANAKSIA,INE015D01022,2026-04-07,NSE,EQ,EQ,buy,false,8.000000,52.230000,402662226,1200000033397890,2026-04-07T10:56:51
RPPINFRA,INE324L01013,2026-04-07,NSE,EQ,EQ,buy,false,144.000000,70.599998,603108740,1300000032420388,2026-04-07T10:56:51
XTGLOBAL,INE547B01028,2026-04-07,NSE,EQ,EQ,buy,false,13.000000,29.250000,603103826,1300000032421452,2026-04-07T10:56:51
XTGLOBAL,INE547B01028,2026-04-07,NSE,EQ,EQ,buy,false,207.000000,29.250000,603103825,1300000032421452,2026-04-07T10:56:51
XTGLOBAL,INE547B01028,2026-04-07,NSE,EQ,EQ,buy,false,28.000000,29.260000,603103827,1300000032421452,2026-04-07T10:56:51
GINNIFILA,INE424C01010,2026-04-07,NSE,EQ,EQ,buy,false,17.000000,36.230000,203746705,1100000036367466,2026-04-07T10:56:51
RPPINFRA,INE324L01013,2026-04-07,NSE,EQ,EQ,buy,false,22.000000,69.949997,603364153,1300000035527014,2026-04-07T11:08:49
GINNIFILA,INE424C01010,2026-04-07,NSE,EQ,EQ,buy,false,160.000000,36.310001,204090253,1100000039838481,2026-04-07T11:08:49
GINNIFILA,INE424C01010,2026-04-07,NSE,EQ,EQ,buy,false,19.000000,36.389999,204090255,1100000039838481,2026-04-07T11:08:49
GINNIFILA,INE424C01010,2026-04-07,NSE,EQ,EQ,buy,false,20.000000,36.410000,204090256,1100000039838481,2026-04-07T11:08:49
GINNIFILA,INE424C01010,2026-04-07,NSE,EQ,EQ,buy,false,20.000000,36.430000,204090257,1100000039838481,2026-04-07T11:08:49
GINNIFILA,INE424C01010,2026-04-07,NSE,EQ,EQ,buy,false,20.000000,36.450001,204090258,1100000039838481,2026-04-07T11:08:49
GINNIFILA,INE424C01010,2026-04-07,NSE,EQ,EQ,buy,false,2.000000,36.490002,204090260,1100000039838481,2026-04-07T11:08:49
GINNIFILA,INE424C01010,2026-04-07,NSE,EQ,EQ,buy,false,33.000000,36.369999,204090254,1100000039838481,2026-04-07T11:08:49
GINNIFILA,INE424C01010,2026-04-07,NSE,EQ,EQ,buy,false,12.000000,36.470001,204090259,1100000039838481,2026-04-07T11:08:49
RPPINFRA,INE324L01013,2026-04-07,NSE,EQ,EQ,buy,false,28.000000,69.940002,603364152,1300000035527014,2026-04-07T11:08:49
RPPINFRA,INE324L01013,2026-04-07,NSE,EQ,EQ,buy,false,37.000000,69.980003,603364154,1300000035527014,2026-04-07T11:08:49
RPPINFRA,INE324L01013,2026-04-07,NSE,EQ,EQ,buy,false,60.000000,69.989998,603364155,1300000035527014,2026-04-07T11:08:49
XTGLOBAL,INE547B01028,2026-04-07,NSE,EQ,EQ,buy,false,100.000000,29.000000,603364167,1300000035527483,2026-04-07T11:08:49
XTGLOBAL,INE547B01028,2026-04-07,NSE,EQ,EQ,buy,false,258.000000,29.000000,603364168,1300000035527483,2026-04-07T11:08:49
GILLANDERS,INE047B01011,2026-04-07,NSE,EQ,EQ,sell,false,29.000000,87.889999,204739087,1100000046439526,2026-04-07T11:35:58
NITINSPIN,INE229H01012,2026-04-07,NSE,EQ,EQ,sell,false,1.000000,382.649994,404511008,1200000062939383,2026-04-07T13:21:04
NITINSPIN,INE229H01012,2026-04-07,NSE,EQ,EQ,sell,false,13.000000,382.700012,404511007,1200000062939383,2026-04-07T13:21:04
PLAZACABLE,INE0INJ01017,2026-04-07,NSE,EQ,EQ,buy,false,62.000000,34.709999,404550028,1200000063594265,2026-04-07T13:24:16
PLAZACABLE,INE0INJ01017,2026-04-07,NSE,EQ,EQ,buy,false,1.000000,34.689999,404550026,1200000063594265,2026-04-07T13:24:16
PLAZACABLE,INE0INJ01017,2026-04-07,NSE,EQ,EQ,buy,false,20.000000,34.389999,404550020,1200000063594265,2026-04-07T13:24:16
PLAZACABLE,INE0INJ01017,2026-04-07,NSE,EQ,EQ,buy,false,21.000000,34.430000,404550024,1200000063594265,2026-04-07T13:24:16
PLAZACABLE,INE0INJ01017,2026-04-07,NSE,EQ,EQ,buy,false,25.000000,34.419998,404550023,1200000063594265,2026-04-07T13:24:16
PLAZACABLE,INE0INJ01017,2026-04-07,NSE,EQ,EQ,buy,false,25.000000,34.439999,404550025,1200000063594265,2026-04-07T13:24:16
PLAZACABLE,INE0INJ01017,2026-04-07,NSE,EQ,EQ,buy,false,1.000000,34.389999,404550019,1200000063594265,2026-04-07T13:24:16
PLAZACABLE,INE0INJ01017,2026-04-07,NSE,EQ,EQ,buy,false,7.000000,34.400002,404550021,1200000063594265,2026-04-07T13:24:16
PLAZACABLE,INE0INJ01017,2026-04-07,NSE,EQ,EQ,buy,false,72.000000,34.400002,404550022,1200000063594265,2026-04-07T13:24:16
PLAZACABLE,INE0INJ01017,2026-04-07,NSE,EQ,EQ,buy,false,9.000000,34.700001,404550027,1200000063594265,2026-04-07T13:24:16
VMSTMT,INE0SJA01013,2026-04-07,NSE,EQ,EQ,sell,false,3.000000,40.110001,607759653,1300000086881513,2026-04-07T15:10:44
VMSTMT,INE0SJA01013,2026-04-07,NSE,EQ,EQ,sell,false,2.000000,40.110001,607759659,1300000086881513,2026-04-07T15:10:44
VMSTMT,INE0SJA01013,2026-04-07,NSE,EQ,EQ,sell,false,3.000000,40.110001,607759644,1300000086881513,2026-04-07T15:10:44
VMSTMT,INE0SJA01013,2026-04-07,NSE,EQ,EQ,sell,false,3.000000,40.110001,607759647,1300000086881513,2026-04-07T15:10:44
VMSTMT,INE0SJA01013,2026-04-07,NSE,EQ,EQ,sell,false,3.000000,40.110001,607759650,1300000086881513,2026-04-07T15:10:44
VMSTMT,INE0SJA01013,2026-04-07,NSE,EQ,EQ,sell,false,2.000000,40.110001,607759652,1300000086881513,2026-04-07T15:10:44
VMSTMT,INE0SJA01013,2026-04-07,NSE,EQ,EQ,sell,false,3.000000,40.110001,607759655,1300000086881513,2026-04-07T15:10:44
VMSTMT,INE0SJA01013,2026-04-07,NSE,EQ,EQ,sell,false,3.000000,40.110001,607759657,1300000086881513,2026-04-07T15:10:44
VMSTMT,INE0SJA01013,2026-04-07,NSE,EQ,EQ,sell,false,3.000000,40.110001,607759658,1300000086881513,2026-04-07T15:10:44
VMSTMT,INE0SJA01013,2026-04-07,NSE,EQ,EQ,sell,false,4.000000,40.110001,607759643,1300000086881513,2026-04-07T15:10:44
VMSTMT,INE0SJA01013,2026-04-07,NSE,EQ,EQ,sell,false,4.000000,40.110001,607759646,1300000086881513,2026-04-07T15:10:44
VMSTMT,INE0SJA01013,2026-04-07,NSE,EQ,EQ,sell,false,4.000000,40.110001,607759649,1300000086881513,2026-04-07T15:10:44
VMSTMT,INE0SJA01013,2026-04-07,NSE,EQ,EQ,sell,false,441.000000,40.099998,607759660,1300000086881513,2026-04-07T15:10:44
VMSTMT,INE0SJA01013,2026-04-07,NSE,EQ,EQ,sell,false,5.000000,40.110001,607759642,1300000086881513,2026-04-07T15:10:44
VMSTMT,INE0SJA01013,2026-04-07,NSE,EQ,EQ,sell,false,6.000000,40.110001,607759645,1300000086881513,2026-04-07T15:10:44
VMSTMT,INE0SJA01013,2026-04-07,NSE,EQ,EQ,sell,false,6.000000,40.110001,607759648,1300000086881513,2026-04-07T15:10:44
VMSTMT,INE0SJA01013,2026-04-07,NSE,EQ,EQ,sell,false,6.000000,40.110001,607759651,1300000086881513,2026-04-07T15:10:44
VMSTMT,INE0SJA01013,2026-04-07,NSE,EQ,EQ,sell,false,6.000000,40.110001,607759654,1300000086881513,2026-04-07T15:10:44
VMSTMT,INE0SJA01013,2026-04-07,NSE,EQ,EQ,sell,false,6.000000,40.110001,607759656,1300000086881513,2026-04-07T15:10:44
GILLANDERS,INE047B01011,2026-04-07,NSE,EQ,EQ,sell,false,45.000000,86.000000,209991140,1100000085319793,2026-04-07T15:16:15
GILLANDERS,INE047B01011,2026-04-07,NSE,EQ,EQ,sell,false,100.000000,86.169998,209991139,1100000085319793,2026-04-07T15:16:15
GILLANDERS,INE047B01011,2026-04-07,NSE,EQ,EQ,sell,false,61.000000,85.750000,209991141,1100000085319793,2026-04-07T15:16:15
PLAZACABLE,INE0INJ01017,2026-04-07,NSE,EQ,EQ,buy,false,221.000000,34.470001,406657673,1200000088425273,2026-04-07T15:17:07
PLAZACABLE,INE0INJ01017,2026-04-07,NSE,EQ,EQ,buy,false,34.000000,34.459999,406657672,1200000088425273,2026-04-07T15:17:07
MEDICO,INE630Y01024,2026-04-07,NSE,EQ,EQ,buy,false,161.000000,38.860001,406657580,1200000088424773,2026-04-07T15:17:07
MEDICO,INE630Y01024,2026-04-07,NSE,EQ,EQ,buy,false,61.000000,38.860001,406657579,1200000088424773,2026-04-07T15:17:07
AEGISVOPAK,INE0INX01018,2026-04-08,BSE,EQ,B,sell,false,84.000000,182.899994,169700,1775619000004081160,2026-04-08T09:15:06
BEPL,INE922A01025,2026-04-08,BSE,EQ,B,sell,false,130.000000,91.059998,324300,1775619000046035321,2026-04-08T09:15:10
GINNIFILA,INE424C01010,2026-04-08,NSE,EQ,EQ,sell,false,92.000000,37.889999,200323145,1100000000831664,2026-04-08T09:15:19
MEDICO,INE630Y01024,2026-04-08,NSE,EQ,EQ,sell,false,102.000000,40.779999,400278677,1200000001295037,2026-04-08T09:16:14
MEDICO,INE630Y01024,2026-04-08,NSE,EQ,EQ,sell,false,116.000000,40.779999,400278676,1200000001295037,2026-04-08T09:16:14
MEDICO,INE630Y01024,2026-04-08,NSE,EQ,EQ,sell,false,4.000000,40.779999,400278675,1200000001295037,2026-04-08T09:16:14
RPPINFRA,INE324L01013,2026-04-08,NSE,EQ,EQ,sell,false,12.000000,74.519997,600584993,1300000002241854,2026-04-08T09:17:28
MANAKSIA,INE015D01022,2026-04-08,BSE,EQ,B,sell,false,271.000000,54.220001,966000,1775619000084053229,2026-04-08T09:23:41
MANAKSIA,INE015D01022,2026-04-08,BSE,EQ,B,sell,false,1.000000,54.740002,965000,1775619000084053229,2026-04-08T09:23:41
MANAKSIA,INE015D01022,2026-04-08,BSE,EQ,B,sell,false,154.000000,53.709999,966300,1775619000084053229,2026-04-08T09:23:41
MANAKSIA,INE015D01022,2026-04-08,BSE,EQ,B,sell,false,10.000000,53.869999,966200,1775619000084053229,2026-04-08T09:23:41
MANAKSIA,INE015D01022,2026-04-08,BSE,EQ,B,sell,false,50.000000,54.400002,965600,1775619000084053229,2026-04-08T09:23:41
MANAKSIA,INE015D01022,2026-04-08,BSE,EQ,B,sell,false,54.000000,54.380001,965800,1775619000084053229,2026-04-08T09:23:41
MANAKSIA,INE015D01022,2026-04-08,BSE,EQ,B,sell,false,67.000000,54.450001,965400,1775619000084053229,2026-04-08T09:23:41
MANAKSIA,INE015D01022,2026-04-08,BSE,EQ,B,sell,false,67.000000,54.480000,965200,1775619000084053229,2026-04-08T09:23:41
PARKHOTELS,INE988S01028,2026-04-08,BSE,EQ,B,sell,false,11.000000,113.599998,2641300,1775619000004579798,2026-04-08T09:25:38
PARKHOTELS,INE988S01028,2026-04-08,BSE,EQ,B,sell,false,45.000000,113.699997,2641100,1775619000004579798,2026-04-08T09:25:38
PARKHOTELS,INE988S01028,2026-04-08,BSE,EQ,B,sell,false,5.000000,113.589996,2641500,1775619000004579798,2026-04-08T09:25:38
PARKHOTELS,INE988S01028,2026-04-08,BSE,EQ,B,sell,false,80.000000,113.709999,2640900,1775619000004579798,2026-04-08T09:25:38
SHREERAMA,INE879A01019,2026-04-08,NSE,EQ,EQ,buy,false,10.000000,50.490002,601322529,1300000009171903,2026-04-08T09:30:01
SHREERAMA,INE879A01019,2026-04-08,NSE,EQ,EQ,buy,false,1.000000,50.459999,601322527,1300000009171903,2026-04-08T09:30:01
SHREERAMA,INE879A01019,2026-04-08,NSE,EQ,EQ,buy,false,253.000000,50.500000,601322530,1300000009171903,2026-04-08T09:30:01
SHREERAMA,INE879A01019,2026-04-08,NSE,EQ,EQ,buy,false,33.000000,50.480000,601322528,1300000009171903,2026-04-08T09:30:01
RPPINFRA,INE324L01013,2026-04-08,NSE,EQ,EQ,sell,false,149.000000,73.010002,602156914,1300000016034346,2026-04-08T09:46:50
RPPINFRA,INE324L01013,2026-04-08,NSE,EQ,EQ,sell,false,27.000000,73.389999,602156912,1300000016034346,2026-04-08T09:46:50
RPPINFRA,INE324L01013,2026-04-08,NSE,EQ,EQ,sell,false,33.000000,73.400002,602156911,1300000016034346,2026-04-08T09:46:50
RPPINFRA,INE324L01013,2026-04-08,NSE,EQ,EQ,sell,false,70.000000,73.389999,602156913,1300000016034346,2026-04-08T09:46:50
TIGERLOGS,INE906O01029,2026-04-08,NSE,EQ,EQ,buy,false,9.000000,28.490000,602364087,1300000017756452,2026-04-08T09:51:21
TIGERLOGS,INE906O01029,2026-04-08,NSE,EQ,EQ,buy,false,99.000000,28.400000,602364085,1300000017756452,2026-04-08T09:51:21
PARACABLES,INE074B01023,2026-04-08,NSE,EQ,EQ,buy,false,107.000000,35.240002,402170336,1200000017704285,2026-04-08T09:51:21
PARACABLES,INE074B01023,2026-04-08,NSE,EQ,EQ,buy,false,283.000000,35.240002,402170335,1200000017704285,2026-04-08T09:51:21
MANAKSIA,INE015D01022,2026-04-08,NSE,EQ,EQ,buy,false,1.000000,55.740002,402170219,1200000017703145,2026-04-08T09:51:21
MANAKSIA,INE015D01022,2026-04-08,NSE,EQ,EQ,buy,false,1.000000,55.750000,402170220,1200000017703145,2026-04-08T09:51:21
MANAKSIA,INE015D01022,2026-04-08,NSE,EQ,EQ,buy,false,1.000000,55.799999,402170221,1200000017703145,2026-04-08T09:51:21
MANAKSIA,INE015D01022,2026-04-08,NSE,EQ,EQ,buy,false,1.000000,55.799999,402170222,1200000017703145,2026-04-08T09:51:21
MANAKSIA,INE015D01022,2026-04-08,NSE,EQ,EQ,buy,false,1.000000,55.900002,402170223,1200000017703145,2026-04-08T09:51:21
MANAKSIA,INE015D01022,2026-04-08,NSE,EQ,EQ,buy,false,1.000000,56.000000,402170224,1200000017703145,2026-04-08T09:51:21
MANAKSIA,INE015D01022,2026-04-08,NSE,EQ,EQ,buy,false,1.000000,56.000000,402170225,1200000017703145,2026-04-08T09:51:21
MANAKSIA,INE015D01022,2026-04-08,NSE,EQ,EQ,buy,false,200.000000,56.000000,402178761,1200000017703145,2026-04-08T09:51:21
MANAKSIA,INE015D01022,2026-04-08,NSE,EQ,EQ,buy,false,39.000000,56.000000,402289982,1200000017703145,2026-04-08T09:51:21
TIGERLOGS,INE906O01029,2026-04-08,NSE,EQ,EQ,buy,false,10.000000,28.490000,602364088,1300000017756452,2026-04-08T09:51:21
TIGERLOGS,INE906O01029,2026-04-08,NSE,EQ,EQ,buy,false,10.000000,28.490000,602364089,1300000017756452,2026-04-08T09:51:21
TIGERLOGS,INE906O01029,2026-04-08,NSE,EQ,EQ,buy,false,11.000000,28.490000,602364086,1300000017756452,2026-04-08T09:51:21
TIGERLOGS,INE906O01029,2026-04-08,NSE,EQ,EQ,buy,false,1.000000,28.280001,602364079,1300000017756452,2026-04-08T09:51:21
TIGERLOGS,INE906O01029,2026-04-08,NSE,EQ,EQ,buy,false,1.000000,28.309999,602364080,1300000017756452,2026-04-08T09:51:21
TIGERLOGS,INE906O01029,2026-04-08,NSE,EQ,EQ,buy,false,119.000000,28.330000,602364083,1300000017756452,2026-04-08T09:51:21
TIGERLOGS,INE906O01029,2026-04-08,NSE,EQ,EQ,buy,false,120.000000,28.320000,602364081,1300000017756452,2026-04-08T09:51:21
TIGERLOGS,INE906O01029,2026-04-08,NSE,EQ,EQ,buy,false,50.000000,28.330000,602364082,1300000017756452,2026-04-08T09:51:21
TIGERLOGS,INE906O01029,2026-04-08,NSE,EQ,EQ,buy,false,50.000000,28.350000,602364084,1300000017756452,2026-04-08T09:51:21
NIITLTD,INE161A01038,2026-04-08,NSE,EQ,EQ,buy,false,134.000000,61.830002,402170509,1200000017705676,2026-04-08T09:51:21
NIITLTD,INE161A01038,2026-04-08,NSE,EQ,EQ,buy,false,86.000000,61.840000,402170510,1200000017705676,2026-04-08T09:51:21
SARLAPOLY,INE453D01025,2026-04-08,NSE,EQ,EQ,buy,false,2.000000,84.050003,603197678,1300000025550359,2026-04-08T10:16:41
SARLAPOLY,INE453D01025,2026-04-08,NSE,EQ,EQ,buy,false,48.000000,84.050003,603197677,1300000025550359,2026-04-08T10:16:41
SARLAPOLY,INE453D01025,2026-04-08,NSE,EQ,EQ,buy,false,49.000000,84.389999,603197680,1300000025550359,2026-04-08T10:16:41
SARLAPOLY,INE453D01025,2026-04-08,NSE,EQ,EQ,buy,false,80.000000,84.330002,603197679,1300000025550359,2026-04-08T10:16:41
JARO,INE00YJ01010,2026-04-08,NSE,EQ,EQ,sell,false,2.000000,440.149994,204121254,1100000031932904,2026-04-08T10:25:53
JARO,INE00YJ01010,2026-04-08,NSE,EQ,EQ,sell,false,2.000000,440.200012,204121253,1100000031932904,2026-04-08T10:25:53
JARO,INE00YJ01010,2026-04-08,NSE,EQ,EQ,sell,false,3.000000,440.200012,204121252,1100000031932904,2026-04-08T10:25:53
JARO,INE00YJ01010,2026-04-08,NSE,EQ,EQ,sell,false,8.000000,439.500000,204121255,1100000031932904,2026-04-08T10:25:53
HGM,INE596H01014,2026-04-08,NSE,EQ,EQ,sell,false,185.000000,50.849998,204163358,1100000032331566,2026-04-08T10:27:20
HGM,INE596H01014,2026-04-08,NSE,EQ,EQ,sell,false,50.000000,50.849998,204163357,1100000032331566,2026-04-08T10:27:20
HGM,INE596H01014,2026-04-08,NSE,EQ,EQ,sell,false,77.000000,50.849998,204163355,1100000032331566,2026-04-08T10:27:20
HGM,INE596H01014,2026-04-08,NSE,EQ,EQ,sell,false,77.000000,50.849998,204163356,1100000032331566,2026-04-08T10:27:20
BALAJITELE,INE794B01026,2026-04-08,NSE,EQ,EQ,sell,false,36.000000,90.220001,3360994,1000000018489763,2026-04-08T10:30:23
BALAJITELE,INE794B01026,2026-04-08,NSE,EQ,EQ,sell,false,30.000000,90.220001,3360989,1000000018489763,2026-04-08T10:30:23
BALAJITELE,INE794B01026,2026-04-08,NSE,EQ,EQ,sell,false,30.000000,90.220001,3360992,1000000018489763,2026-04-08T10:30:23
BALAJITELE,INE794B01026,2026-04-08,NSE,EQ,EQ,sell,false,30.000000,90.220001,3360986,1000000018489763,2026-04-08T10:30:23
BALAJITELE,INE794B01026,2026-04-08,NSE,EQ,EQ,sell,false,5.000000,90.220001,3360987,1000000018489763,2026-04-08T10:30:23
BALAJITELE,INE794B01026,2026-04-08,NSE,EQ,EQ,sell,false,5.000000,90.220001,3360990,1000000018489763,2026-04-08T10:30:23
BALAJITELE,INE794B01026,2026-04-08,NSE,EQ,EQ,sell,false,5.000000,90.220001,3360993,1000000018489763,2026-04-08T10:30:23
BALAJITELE,INE794B01026,2026-04-08,NSE,EQ,EQ,sell,false,75.000000,90.220001,3360988,1000000018489763,2026-04-08T10:30:23
BALAJITELE,INE794B01026,2026-04-08,NSE,EQ,EQ,sell,false,75.000000,90.220001,3360991,1000000018489763,2026-04-08T10:30:23
VASCONEQ,INE893I01013,2026-04-08,NSE,EQ,EQ,buy,false,172.000000,34.779999,603775825,1300000030656335,2026-04-08T10:34:38
VASCONEQ,INE893I01013,2026-04-08,NSE,EQ,EQ,buy,false,24.000000,34.790001,603775828,1300000030656335,2026-04-08T10:34:38
VASCONEQ,INE893I01013,2026-04-08,NSE,EQ,EQ,buy,false,76.000000,34.790001,603775827,1300000030656335,2026-04-08T10:34:38
VASCONEQ,INE893I01013,2026-04-08,NSE,EQ,EQ,buy,false,9.000000,34.790001,603775826,1300000030656335,2026-04-08T10:34:38
KHADIM,INE834I01025,2026-04-08,NSE,EQ,EQ,buy,false,22.000000,89.199997,403406560,1200000030721876,2026-04-08T10:34:38
KHADIM,INE834I01025,2026-04-08,NSE,EQ,EQ,buy,false,28.000000,89.190002,403406557,1200000030721876,2026-04-08T10:34:38
KHADIM,INE834I01025,2026-04-08,NSE,EQ,EQ,buy,false,50.000000,89.199997,403406559,1200000030721876,2026-04-08T10:34:38
KHADIM,INE834I01025,2026-04-08,NSE,EQ,EQ,buy,false,8.000000,89.199997,403406558,1200000030721876,2026-04-08T10:34:38
XCHANGING,INE692G01013,2026-04-08,NSE,EQ,EQ,buy,false,50.000000,62.000000,604350054,1300000035844729,2026-04-08T10:55:29
XCHANGING,INE692G01013,2026-04-08,NSE,EQ,EQ,buy,false,174.000000,62.320000,604350055,1300000035844729,2026-04-08T10:55:29
XCHANGING,INE692G01013,2026-04-08,NSE,EQ,EQ,buy,false,37.000000,61.919998,604350051,1300000035844729,2026-04-08T10:55:29
XCHANGING,INE692G01013,2026-04-08,NSE,EQ,EQ,buy,false,4.000000,62.330002,604350056,1300000035844729,2026-04-08T10:55:29
XCHANGING,INE692G01013,2026-04-08,NSE,EQ,EQ,buy,false,1.000000,61.930000,604350052,1300000035844729,2026-04-08T10:55:29
XCHANGING,INE692G01013,2026-04-08,NSE,EQ,EQ,buy,false,51.000000,61.980000,604350053,1300000035844729,2026-04-08T10:55:29
PARAS,INE045601023,2026-04-08,BSE,EQ,A,sell,false,23.000000,663.700012,6920100,1775623410007673474,2026-04-08T11:04:37
PLAZACABLE,INE0INJ01017,2026-04-08,NSE,EQ,EQ,sell,false,90.000000,35.900002,405129290,1200000049170938,2026-04-08T11:49:51
PLAZACABLE,INE0INJ01017,2026-04-08,NSE,EQ,EQ,sell,false,1.000000,35.900002,405095127,1200000049170938,2026-04-08T11:49:51
PLAZACABLE,INE0INJ01017,2026-04-08,NSE,EQ,EQ,sell,false,1.000000,35.900002,405103893,1200000049170938,2026-04-08T11:49:51
PLAZACABLE,INE0INJ01017,2026-04-08,NSE,EQ,EQ,sell,false,1.000000,35.900002,405106817,1200000049170938,2026-04-08T11:49:51
PLAZACABLE,INE0INJ01017,2026-04-08,NSE,EQ,EQ,sell,false,1.000000,35.900002,405127709,1200000049170938,2026-04-08T11:49:51
PLAZACABLE,INE0INJ01017,2026-04-08,NSE,EQ,EQ,sell,false,297.000000,35.900002,405127710,1200000049170938,2026-04-08T11:49:51
PLAZACABLE,INE0INJ01017,2026-04-08,NSE,EQ,EQ,sell,false,100.000000,35.900002,405123678,1200000049170938,2026-04-08T11:49:51
PLAZACABLE,INE0INJ01017,2026-04-08,NSE,EQ,EQ,sell,false,7.000000,35.810001,405182074,1200000049170938,2026-04-08T11:53:16
KHAICHEM,INE745B01028,2026-04-08,NSE,EQ,EQ,buy,false,283.000000,55.000000,406354602,1200000064945800,2026-04-08T12:57:53
GINNIFILA,INE424C01010,2026-04-08,NSE,EQ,EQ,sell,false,401.000000,37.500000,208192131,1100000000831664,2026-04-08T13:04:00
GINNIFILA,INE424C01010,2026-04-08,NSE,EQ,EQ,sell,false,70.000000,37.509998,208192130,1100000000831664,2026-04-08T13:04:00
PARACABLES,INE074B01023,2026-04-08,NSE,EQ,EQ,sell,false,153.000000,36.320000,406443045,1200000066138908,2026-04-08T13:04:11
PARACABLES,INE074B01023,2026-04-08,NSE,EQ,EQ,sell,false,201.000000,36.299999,406443047,1200000066138908,2026-04-08T13:04:11
PARACABLES,INE074B01023,2026-04-08,NSE,EQ,EQ,sell,false,36.000000,36.310001,406443046,1200000066138908,2026-04-08T13:04:11
RADHIKAJWE,INE583V01021,2026-04-08,NSE,EQ,EQ,buy,false,160.000000,62.919998,607111881,1300000063638588,2026-04-08T13:09:06
RADHIKAJWE,INE583V01021,2026-04-08,NSE,EQ,EQ,buy,false,22.000000,63.020000,607637051,1300000063638588,2026-04-08T13:42:16
RADHIKAJWE,INE583V01021,2026-04-08,NSE,EQ,EQ,buy,false,35.000000,63.020000,607637050,1300000063638588,2026-04-08T13:42:16
COASTCORP,INE377E01024,2026-04-08,BSE,EQ,B,sell,false,418.000000,48.720001,6776600,1775639670764193549,2026-04-08T15:27:33
XTGLOBAL,INE547B01028,2026-04-09,BSE,EQ,B,sell,false,146.000000,30.820000,1867300,1775705400011008241,2026-04-09T09:20:16
XTGLOBAL,INE547B01028,2026-04-09,BSE,EQ,B,sell,false,293.000000,30.820000,1867500,1775705400011008241,2026-04-09T09:20:16
XTGLOBAL,INE547B01028,2026-04-09,BSE,EQ,B,sell,false,3.000000,30.820000,1868100,1775705400011008241,2026-04-09T09:20:16
XTGLOBAL,INE547B01028,2026-04-09,BSE,EQ,B,sell,false,47.000000,30.820000,1867900,1775705400011008241,2026-04-09T09:20:16
XTGLOBAL,INE547B01028,2026-04-09,BSE,EQ,B,sell,false,58.000000,30.820000,1867700,1775705400011008241,2026-04-09T09:20:16
XTGLOBAL,INE547B01028,2026-04-09,BSE,EQ,B,sell,false,58.000000,30.840000,1867200,1775705400011008241,2026-04-09T09:20:16
XTGLOBAL,INE547B01028,2026-04-09,BSE,EQ,B,sell,false,99.000000,30.820000,1868300,1775705400011008241,2026-04-09T09:20:16
KHADIM,INE834I01025,2026-04-09,BSE,EQ,B,sell,false,108.000000,92.639999,2305100,1775705400048099956,2026-04-09T09:23:16
MANAKSIA,INE015D01022,2026-04-09,BSE,EQ,B,sell,false,246.000000,55.590000,1845300,1775705400003084282,2026-04-09T09:32:48
GINNIFILA,INE424C01010,2026-04-09,NSE,EQ,EQ,buy,false,28.000000,40.099998,205498039,1100000051934990,2026-04-09T11:40:18
GINNIFILA,INE424C01010,2026-04-09,NSE,EQ,EQ,buy,false,333.000000,40.099998,205550858,1100000051934990,2026-04-09T11:40:18
GINNIFILA,INE424C01010,2026-04-09,NSE,EQ,EQ,buy,false,400.000000,40.099998,205504043,1100000051934990,2026-04-09T11:40:18
VARDHACRLC,INE116G01013,2026-04-09,NSE,EQ,EQ,buy,false,821.000000,36.500000,604186300,1300000040009528,2026-04-09T11:40:19
ELIN,INE050401020,2026-04-09,NSE,EQ,EQ,buy,false,119.000000,117.870003,205498280,1100000051936135,2026-04-09T11:40:19
ELIN,INE050401020,2026-04-09,NSE,EQ,EQ,buy,false,32.000000,117.860001,205498279,1100000051936135,2026-04-09T11:40:19
ELIN,INE050401020,2026-04-09,NSE,EQ,EQ,buy,false,88.000000,117.860001,205498278,1100000051936135,2026-04-09T11:40:19
SIGMA,INE0A0S01028,2026-04-09,NSE,EQ,EQ,buy,false,154.000000,44.000000,604126899,1300000040010369,2026-04-09T11:40:19
SIGMA,INE0A0S01028,2026-04-09,NSE,EQ,EQ,buy,false,173.000000,43.889999,604126891,1300000040010369,2026-04-09T11:40:19
SIGMA,INE0A0S01028,2026-04-09,NSE,EQ,EQ,buy,false,19.000000,43.860001,604126887,1300000040010369,2026-04-09T11:40:19
SIGMA,INE0A0S01028,2026-04-09,NSE,EQ,EQ,buy,false,196.000000,43.990002,604126892,1300000040010369,2026-04-09T11:40:19
SIGMA,INE0A0S01028,2026-04-09,NSE,EQ,EQ,buy,false,25.000000,43.889999,604126889,1300000040010369,2026-04-09T11:40:19
SIGMA,INE0A0S01028,2026-04-09,NSE,EQ,EQ,buy,false,29.000000,43.880001,604126888,1300000040010369,2026-04-09T11:40:19
SIGMA,INE0A0S01028,2026-04-09,NSE,EQ,EQ,buy,false,57.000000,43.889999,604126890,1300000040010369,2026-04-09T11:40:19
KHADIM,INE834I01025,2026-04-09,NSE,EQ,EQ,buy,false,18.000000,90.589996,404230396,1200000045331927,2026-04-09T11:40:19
KHADIM,INE834I01025,2026-04-09,NSE,EQ,EQ,buy,false,19.000000,90.580002,404230395,1200000045331927,2026-04-09T11:40:19
KHADIM,INE834I01025,2026-04-09,NSE,EQ,EQ,buy,false,28.000000,90.470001,404230392,1200000045331927,2026-04-09T11:40:19
KHADIM,INE834I01025,2026-04-09,NSE,EQ,EQ,buy,false,37.000000,90.620003,404230398,1200000045331927,2026-04-09T11:40:19
KHADIM,INE834I01025,2026-04-09,NSE,EQ,EQ,buy,false,50.000000,90.500000,404230394,1200000045331927,2026-04-09T11:40:19
KHADIM,INE834I01025,2026-04-09,NSE,EQ,EQ,buy,false,76.000000,90.480003,404230393,1200000045331927,2026-04-09T11:40:19
KHADIM,INE834I01025,2026-04-09,NSE,EQ,EQ,buy,false,86.000000,90.589996,404230397,1200000045331927,2026-04-09T11:40:19
VARDHACRLC,INE116G01013,2026-04-09,NSE,EQ,EQ,sell,false,350.000000,37.540001,604633396,1300000044983361,2026-04-09T12:06:33
VARDHACRLC,INE116G01013,2026-04-09,NSE,EQ,EQ,sell,false,126.000000,37.549999,604651893,1300000044983361,2026-04-09T12:09:58
VARDHACRLC,INE116G01013,2026-04-09,NSE,EQ,EQ,sell,false,345.000000,37.549999,604651424,1300000044983361,2026-04-09T12:09:58
ORICONENT,INE730A01022,2026-04-09,NSE,EQ,EQ,sell,false,263.000000,67.050003,404774014,1200000051597504,2026-04-09T12:10:11
ORICONENT,INE730A01022,2026-04-09,NSE,EQ,EQ,sell,false,425.000000,67.050003,404774013,1200000051597504,2026-04-09T12:10:11
NIITLTD,INE161A01038,2026-04-09,NSE,EQ,EQ,buy,false,449.000000,62.810001,404811868,1200000052191697,2026-04-09T12:12:55
ROTO,INE535D01037,2026-04-09,NSE,EQ,EQ,buy,false,10.000000,57.029999,604694721,1300000046162359,2026-04-09T12:12:55
ROTO,INE535D01037,2026-04-09,NSE,EQ,EQ,buy,false,107.000000,57.000000,604694719,1300000046162359,2026-04-09T12:12:55
ROTO,INE535D01037,2026-04-09,NSE,EQ,EQ,buy,false,25.000000,56.959999,604694717,1300000046162359,2026-04-09T12:12:55
ROTO,INE535D01037,2026-04-09,NSE,EQ,EQ,buy,false,44.000000,56.950001,604694716,1300000046162359,2026-04-09T12:12:55
ROTO,INE535D01037,2026-04-09,NSE,EQ,EQ,buy,false,45.000000,57.040001,604694723,1300000046162359,2026-04-09T12:12:55
ROTO,INE535D01037,2026-04-09,NSE,EQ,EQ,buy,false,67.000000,57.040001,604694722,1300000046162359,2026-04-09T12:12:55
ROTO,INE535D01037,2026-04-09,NSE,EQ,EQ,buy,false,91.000000,56.980000,604694718,1300000046162359,2026-04-09T12:12:55
ROTO,INE535D01037,2026-04-09,NSE,EQ,EQ,buy,false,96.000000,57.009998,604694720,1300000046162359,2026-04-09T12:12:55
VMSTMT,INE0SJA01013,2026-04-09,NSE,EQ,EQ,buy,false,100.000000,43.400002,604694837,1300000046163950,2026-04-09T12:12:56
VMSTMT,INE0SJA01013,2026-04-09,NSE,EQ,EQ,buy,false,106.000000,43.450001,604694849,1300000046163950,2026-04-09T12:12:56
VMSTMT,INE0SJA01013,2026-04-09,NSE,EQ,EQ,buy,false,1.000000,43.430000,604694839,1300000046163950,2026-04-09T12:12:56
VMSTMT,INE0SJA01013,2026-04-09,NSE,EQ,EQ,buy,false,1.000000,43.480000,604694850,1300000046163950,2026-04-09T12:12:56
VMSTMT,INE0SJA01013,2026-04-09,NSE,EQ,EQ,buy,false,1.000000,43.480000,604694852,1300000046163950,2026-04-09T12:12:56
VMSTMT,INE0SJA01013,2026-04-09,NSE,EQ,EQ,buy,false,1.000000,43.480000,604694854,1300000046163950,2026-04-09T12:12:56
VMSTMT,INE0SJA01013,2026-04-09,NSE,EQ,EQ,buy,false,1.000000,43.480000,604694856,1300000046163950,2026-04-09T12:12:56
VMSTMT,INE0SJA01013,2026-04-09,NSE,EQ,EQ,buy,false,15.000000,43.480000,604694857,1300000046163950,2026-04-09T12:12:56
VMSTMT,INE0SJA01013,2026-04-09,NSE,EQ,EQ,buy,false,20.000000,43.439999,604694841,1300000046163950,2026-04-09T12:12:56
VMSTMT,INE0SJA01013,2026-04-09,NSE,EQ,EQ,buy,false,20.000000,43.439999,604694843,1300000046163950,2026-04-09T12:12:56
VMSTMT,INE0SJA01013,2026-04-09,NSE,EQ,EQ,buy,false,20.000000,43.439999,604694845,1300000046163950,2026-04-09T12:12:56
VMSTMT,INE0SJA01013,2026-04-09,NSE,EQ,EQ,buy,false,20.000000,43.439999,604694847,1300000046163950,2026-04-09T12:12:56
VMSTMT,INE0SJA01013,2026-04-09,NSE,EQ,EQ,buy,false,20.000000,43.480000,604694851,1300000046163950,2026-04-09T12:12:56
VMSTMT,INE0SJA01013,2026-04-09,NSE,EQ,EQ,buy,false,20.000000,43.480000,604694853,1300000046163950,2026-04-09T12:12:56
VMSTMT,INE0SJA01013,2026-04-09,NSE,EQ,EQ,buy,false,20.000000,43.480000,604694855,1300000046163950,2026-04-09T12:12:56
VMSTMT,INE0SJA01013,2026-04-09,NSE,EQ,EQ,buy,false,30.000000,43.439999,604694842,1300000046163950,2026-04-09T12:12:56
VMSTMT,INE0SJA01013,2026-04-09,NSE,EQ,EQ,buy,false,30.000000,43.439999,604694844,1300000046163950,2026-04-09T12:12:56
VMSTMT,INE0SJA01013,2026-04-09,NSE,EQ,EQ,buy,false,30.000000,43.439999,604694846,1300000046163950,2026-04-09T12:12:56
VMSTMT,INE0SJA01013,2026-04-09,NSE,EQ,EQ,buy,false,30.000000,43.439999,604694848,1300000046163950,2026-04-09T12:12:56
VMSTMT,INE0SJA01013,2026-04-09,NSE,EQ,EQ,buy,false,76.000000,43.430000,604694840,1300000046163950,2026-04-09T12:12:56
VMSTMT,INE0SJA01013,2026-04-09,NSE,EQ,EQ,buy,false,77.000000,43.380001,604694836,1300000046163950,2026-04-09T12:12:56
VMSTMT,INE0SJA01013,2026-04-09,NSE,EQ,EQ,buy,false,9.000000,43.430000,604694838,1300000046163950,2026-04-09T12:12:56
RVNL,INE415G01027,2026-04-09,BSE,EQ,A,sell,false,38.000000,276.100006,10402100,1775715700079428387,2026-04-09T12:25:26
GHCLTEXTIL,INE0PA801013,2026-04-09,NSE,EQ,EQ,buy,false,24.000000,84.639999,206578413,1100000059499395,2026-04-09T12:28:38
GHCLTEXTIL,INE0PA801013,2026-04-09,NSE,EQ,EQ,buy,false,62.000000,84.650002,206578414,1100000059499395,2026-04-09T12:28:38
GHCLTEXTIL,INE0PA801013,2026-04-09,NSE,EQ,EQ,buy,false,68.000000,84.470001,206578410,1100000059499395,2026-04-09T12:28:38
GHCLTEXTIL,INE0PA801013,2026-04-09,NSE,EQ,EQ,buy,false,95.000000,84.500000,206578411,1100000059499395,2026-04-09T12:28:38
GHCLTEXTIL,INE0PA801013,2026-04-09,NSE,EQ,EQ,buy,false,97.000000,84.510002,206578412,1100000059499395,2026-04-09T12:28:38
INDORAMA,INE156A01020,2026-04-09,BSE,EQ,B,sell,false,100.000000,35.200001,2636800,1775705400048797723,2026-04-09T12:29:44
INDORAMA,INE156A01020,2026-04-09,BSE,EQ,B,sell,false,146.000000,35.200001,2637100,1775705400048797723,2026-04-09T12:29:44
INDORAMA,INE156A01020,2026-04-09,BSE,EQ,B,sell,false,282.000000,35.209999,2636600,1775705400048797723,2026-04-09T12:29:44
INDORAMA,INE156A01020,2026-04-09,BSE,EQ,B,sell,false,29.000000,35.200001,2638300,1775705400048797723,2026-04-09T12:29:44
INDORAMA,INE156A01020,2026-04-09,BSE,EQ,B,sell,false,3.000000,35.200001,2636900,1775705400048797723,2026-04-09T12:29:44
INDORAMA,INE156A01020,2026-04-09,BSE,EQ,B,sell,false,3.000000,35.200001,2637300,1775705400048797723,2026-04-09T12:29:44
INDORAMA,INE156A01020,2026-04-09,BSE,EQ,B,sell,false,43.000000,35.200001,2637700,1775705400048797723,2026-04-09T12:29:44
INDORAMA,INE156A01020,2026-04-09,BSE,EQ,B,sell,false,43.000000,35.200001,2637900,1775705400048797723,2026-04-09T12:29:44
INDORAMA,INE156A01020,2026-04-09,BSE,EQ,B,sell,false,43.000000,35.200001,2638100,1775705400048797723,2026-04-09T12:29:44
INDORAMA,INE156A01020,2026-04-09,BSE,EQ,B,sell,false,44.000000,35.200001,2637500,1775705400048797723,2026-04-09T12:29:44
EUREKAFORB,INE0KCE01017,2026-04-09,NSE,EQ,EQ,sell,false,1.000000,477.049988,207551268,1100000072764407,2026-04-09T13:12:35
EUREKAFORB,INE0KCE01017,2026-04-09,NSE,EQ,EQ,sell,false,1.000000,477.049988,207551786,1100000072764407,2026-04-09T13:12:35
EUREKAFORB,INE0KCE01017,2026-04-09,NSE,EQ,EQ,sell,false,1.000000,477.049988,207555964,1100000072764407,2026-04-09T13:12:35
EUREKAFORB,INE0KCE01017,2026-04-09,NSE,EQ,EQ,sell,false,1.000000,477.049988,207555987,1100000072764407,2026-04-09T13:12:35
EUREKAFORB,INE0KCE01017,2026-04-09,NSE,EQ,EQ,sell,false,1.000000,477.049988,207559405,1100000072764407,2026-04-09T13:12:35
EUREKAFORB,INE0KCE01017,2026-04-09,NSE,EQ,EQ,sell,false,1.000000,477.049988,207559655,1100000072764407,2026-04-09T13:12:35
EUREKAFORB,INE0KCE01017,2026-04-09,NSE,EQ,EQ,sell,false,9.000000,477.049988,207572620,1100000072764407,2026-04-09T13:12:35
NIITLTD,INE161A01038,2026-04-09,NSE,EQ,EQ,sell,false,220.000000,65.440002,405885189,1200000065907888,2026-04-09T13:20:58
NIITLTD,INE161A01038,2026-04-09,NSE,EQ,EQ,sell,false,229.000000,65.449997,405933181,1200000066365306,2026-04-09T13:22:41
VARDHACRLC,INE116G01013,2026-04-09,NSE,EQ,EQ,buy,false,678.000000,36.849998,606496975,1300000065511567,2026-04-09T13:56:53
GINNIFILA,INE424C01010,2026-04-09,NSE,EQ,EQ,buy,false,1.000000,40.099998,208528737,1100000083322553,2026-04-09T13:56:53
GINNIFILA,INE424C01010,2026-04-09,NSE,EQ,EQ,buy,false,1.000000,40.099998,208554929,1100000083322553,2026-04-09T13:56:53
GINNIFILA,INE424C01010,2026-04-09,NSE,EQ,EQ,buy,false,2.000000,40.099998,208528730,1100000083322553,2026-04-09T13:56:53
GINNIFILA,INE424C01010,2026-04-09,NSE,EQ,EQ,buy,false,25.000000,40.099998,208528717,1100000083322553,2026-04-09T13:56:53
GINNIFILA,INE424C01010,2026-04-09,NSE,EQ,EQ,buy,false,300.000000,40.099998,208528683,1100000083322553,2026-04-09T13:56:53
GINNIFILA,INE424C01010,2026-04-09,NSE,EQ,EQ,buy,false,35.000000,40.049999,208511096,1100000083322553,2026-04-09T13:56:53
GINNIFILA,INE424C01010,2026-04-09,NSE,EQ,EQ,buy,false,4.000000,40.099998,208554928,1100000083322553,2026-04-09T13:56:53
NIITLTD,INE161A01038,2026-04-09,NSE,EQ,EQ,buy,false,114.000000,64.760002,406524451,1200000074052140,2026-04-09T13:56:53
NIITLTD,INE161A01038,2026-04-09,NSE,EQ,EQ,buy,false,1.000000,64.750000,406524447,1200000074052140,2026-04-09T13:56:53
NIITLTD,INE161A01038,2026-04-09,NSE,EQ,EQ,buy,false,1.000000,64.750000,406524449,1200000074052140,2026-04-09T13:56:53
NIITLTD,INE161A01038,2026-04-09,NSE,EQ,EQ,buy,false,1.000000,64.750000,406524450,1200000074052140,2026-04-09T13:56:53
NIITLTD,INE161A01038,2026-04-09,NSE,EQ,EQ,buy,false,13.000000,64.750000,406524442,1200000074052140,2026-04-09T13:56:53
NIITLTD,INE161A01038,2026-04-09,NSE,EQ,EQ,buy,false,2.000000,64.730003,406524438,1200000074052140,2026-04-09T13:56:53
NIITLTD,INE161A01038,2026-04-09,NSE,EQ,EQ,buy,false,2.000000,64.750000,406524445,1200000074052140,2026-04-09T13:56:53
NIITLTD,INE161A01038,2026-04-09,NSE,EQ,EQ,buy,false,2.000000,64.750000,406524448,1200000074052140,2026-04-09T13:56:53
NIITLTD,INE161A01038,2026-04-09,NSE,EQ,EQ,buy,false,25.000000,64.750000,406524441,1200000074052140,2026-04-09T13:56:53
NIITLTD,INE161A01038,2026-04-09,NSE,EQ,EQ,buy,false,3.000000,64.750000,406524446,1200000074052140,2026-04-09T13:56:53
NIITLTD,INE161A01038,2026-04-09,NSE,EQ,EQ,buy,false,41.000000,64.769997,406524452,1200000074052140,2026-04-09T13:56:53
NIITLTD,INE161A01038,2026-04-09,NSE,EQ,EQ,buy,false,4.000000,64.750000,406524443,1200000074052140,2026-04-09T13:56:53
NIITLTD,INE161A01038,2026-04-09,NSE,EQ,EQ,buy,false,7.000000,64.750000,406524444,1200000074052140,2026-04-09T13:56:53
NIITLTD,INE161A01038,2026-04-09,NSE,EQ,EQ,buy,false,73.000000,64.739998,406524440,1200000074052140,2026-04-09T13:56:53
NIITLTD,INE161A01038,2026-04-09,NSE,EQ,EQ,buy,false,79.000000,64.739998,406524439,1200000074052140,2026-04-09T13:56:53
NIITLTD,INE161A01038,2026-04-09,NSE,EQ,EQ,buy,false,8.000000,64.730003,406524437,1200000074052140,2026-04-09T13:56:53
GINNIFILA,INE424C01010,2026-04-09,NSE,EQ,EQ,buy,false,223.000000,40.150002,208568024,1100000083322553,2026-04-09T13:59:40
GINNIFILA,INE424C01010,2026-04-09,NSE,EQ,EQ,buy,false,32.000000,40.139999,208568023,1100000083322553,2026-04-09T13:59:40
KHADIM,INE834I01025,2026-04-10,NSE,EQ,EQ,sell,false,129.000000,92.110001,400542466,1200000004223041,2026-04-10T09:22:29
KHADIM,INE834I01025,2026-04-10,NSE,EQ,EQ,sell,false,51.000000,92.099998,400542468,1200000004223041,2026-04-10T09:22:29
KHADIM,INE834I01025,2026-04-10,NSE,EQ,EQ,sell,false,53.000000,92.110001,400542467,1200000004223041,2026-04-10T09:22:29
KHADIM,INE834I01025,2026-04-10,NSE,EQ,EQ,sell,false,81.000000,92.099998,400893806,1200000004223041,2026-04-10T09:22:29
TIGERLOGS,INE906O01029,2026-04-10,NSE,EQ,EQ,sell,false,116.000000,29.459999,600685739,1300000005217696,2026-04-10T09:24:19
TIGERLOGS,INE906O01029,2026-04-10,NSE,EQ,EQ,sell,false,17.000000,29.410000,600685741,1300000005217696,2026-04-10T09:24:19
TIGERLOGS,INE906O01029,2026-04-10,NSE,EQ,EQ,sell,false,347.000000,29.420000,600685740,1300000005217696,2026-04-10T09:24:19
GOCLCORP,INE077F01035,2026-04-10,NSE,EQ,EQ,sell,false,36.000000,275.299988,203463426,1100000031109297,2026-04-10T10:42:21
GOCLCORP,INE077F01035,2026-04-10,NSE,EQ,EQ,sell,false,7.000000,275.299988,203463427,1100000031109297,2026-04-10T10:42:21
VASCONEQ,INE893I01013,2026-04-10,NSE,EQ,EQ,sell,false,24.000000,36.230000,604156610,1300000037626008,2026-04-10T11:24:42
VASCONEQ,INE893I01013,2026-04-10,NSE,EQ,EQ,sell,false,257.000000,36.220001,604301617,1300000037626008,2026-04-10T11:32:21
RADHIKAJWE,INE583V01021,2026-04-10,NSE,EQ,EQ,sell,false,217.000000,64.669998,604629398,1300000042392992,2026-04-10T11:49:38
NIITLTD,INE161A01038,2026-04-10,NSE,EQ,EQ,sell,false,1.000000,65.300003,404000313,1200000044586628,2026-04-10T11:50:09
NIITLTD,INE161A01038,2026-04-10,NSE,EQ,EQ,sell,false,189.000000,65.300003,404000312,1200000044586628,2026-04-10T11:50:09
NIITLTD,INE161A01038,2026-04-10,NSE,EQ,EQ,sell,false,406.000000,65.290001,404000314,1200000044586628,2026-04-10T11:50:09
VASCONEQ,INE893I01013,2026-04-10,NSE,EQ,EQ,buy,false,155.000000,36.119999,604852470,1300000045257038,2026-04-10T12:04:40
VASCONEQ,INE893I01013,2026-04-10,NSE,EQ,EQ,buy,false,256.000000,36.110001,604852469,1300000045257038,2026-04-10T12:04:40
VASCONEQ,INE893I01013,2026-04-10,NSE,EQ,EQ,buy,false,292.000000,36.130001,604852471,1300000045257038,2026-04-10T12:04:40
TIGERLOGS,INE906O01029,2026-04-10,NSE,EQ,EQ,buy,false,124.000000,30.100000,604852494,1300000045257326,2026-04-10T12:04:40
TIGERLOGS,INE906O01029,2026-04-10,NSE,EQ,EQ,buy,false,6.000000,30.139999,604852495,1300000045257326,2026-04-10T12:04:40
TIGERLOGS,INE906O01029,2026-04-10,NSE,EQ,EQ,buy,false,751.000000,30.080000,604852493,1300000045257326,2026-04-10T12:04:40
DEN,INE947J01015,2026-04-10,NSE,EQ,EQ,buy,false,858.000000,28.900000,205310925,1100000048848627,2026-04-10T12:06:05
GINNIFILA,INE424C01010,2026-04-10,NSE,EQ,EQ,sell,false,109.000000,41.060001,208750396,1100000084523100,2026-04-10T14:54:21
GINNIFILA,INE424C01010,2026-04-10,NSE,EQ,EQ,sell,false,1.000000,41.009998,208750409,1100000084523100,2026-04-10T14:54:21
GINNIFILA,INE424C01010,2026-04-10,NSE,EQ,EQ,sell,false,15.000000,41.020000,208750398,1100000084523100,2026-04-10T14:54:21
GINNIFILA,INE424C01010,2026-04-10,NSE,EQ,EQ,sell,false,15.000000,41.020000,208750400,1100000084523100,2026-04-10T14:54:21
GINNIFILA,INE424C01010,2026-04-10,NSE,EQ,EQ,sell,false,15.000000,41.020000,208750402,1100000084523100,2026-04-10T14:54:21
GINNIFILA,INE424C01010,2026-04-10,NSE,EQ,EQ,sell,false,15.000000,41.020000,208750404,1100000084523100,2026-04-10T14:54:21
GINNIFILA,INE424C01010,2026-04-10,NSE,EQ,EQ,sell,false,291.000000,41.009998,208750408,1100000084523100,2026-04-10T14:54:21
GINNIFILA,INE424C01010,2026-04-10,NSE,EQ,EQ,sell,false,35.000000,41.110001,208750393,1100000084523100,2026-04-10T14:54:21
GINNIFILA,INE424C01010,2026-04-10,NSE,EQ,EQ,sell,false,36.000000,41.070000,208750395,1100000084523100,2026-04-10T14:54:21
GINNIFILA,INE424C01010,2026-04-10,NSE,EQ,EQ,sell,false,37.000000,41.020000,208750399,1100000084523100,2026-04-10T14:54:21
GINNIFILA,INE424C01010,2026-04-10,NSE,EQ,EQ,sell,false,37.000000,41.020000,208750401,1100000084523100,2026-04-10T14:54:21
GINNIFILA,INE424C01010,2026-04-10,NSE,EQ,EQ,sell,false,37.000000,41.020000,208750403,1100000084523100,2026-04-10T14:54:21
GINNIFILA,INE424C01010,2026-04-10,NSE,EQ,EQ,sell,false,37.000000,41.020000,208750405,1100000084523100,2026-04-10T14:54:21
GINNIFILA,INE424C01010,2026-04-10,NSE,EQ,EQ,sell,false,38.000000,41.020000,208750407,1100000084523100,2026-04-10T14:54:21
GINNIFILA,INE424C01010,2026-04-10,NSE,EQ,EQ,sell,false,4.000000,41.020000,208750406,1100000084523100,2026-04-10T14:54:21
GINNIFILA,INE424C01010,2026-04-10,NSE,EQ,EQ,sell,false,500.000000,41.099998,208750394,1100000084523100,2026-04-10T14:54:21
GINNIFILA,INE424C01010,2026-04-10,NSE,EQ,EQ,sell,false,67.000000,41.029999,208750397,1100000084523100,2026-04-10T14:54:21
GINNIFILA,INE424C01010,2026-04-10,NSE,EQ,EQ,sell,false,95.000000,41.009998,208750410,1100000084523100,2026-04-10T14:54:21
SAMPANN,INE735M01018,2026-04-13,NSE,EQ,EQ,buy,false,11.000000,30.020000,600343132,1300000001867831,2026-04-13T09:17:08
SAMPANN,INE735M01018,2026-04-13,NSE,EQ,EQ,buy,false,1.000000,30.030001,600343133,1300000001867831,2026-04-13T09:17:08
SAMPANN,INE735M01018,2026-04-13,NSE,EQ,EQ,buy,false,400.000000,30.440001,600343134,1300000001867831,2026-04-13T09:17:08
SAMPANN,INE735M01018,2026-04-13,NSE,EQ,EQ,buy,false,403.000000,30.490000,600343135,1300000001867831,2026-04-13T09:17:08
DPWIRES,INE864X01013,2026-04-13,NSE,EQ,EQ,buy,false,30.000000,199.910004,202034373,1100000015791930,2026-04-13T09:43:09
DPWIRES,INE864X01013,2026-04-13,NSE,EQ,EQ,buy,false,33.000000,199.929993,202034374,1100000015791930,2026-04-13T09:43:09
DPWIRES,INE864X01013,2026-04-13,NSE,EQ,EQ,buy,false,89.000000,200.050003,202034375,1100000015791930,2026-04-13T09:43:09
DEN,INE947J01015,2026-04-13,NSE,EQ,EQ,buy,false,1.000000,29.090000,202034063,1100000015789410,2026-04-13T09:43:09
DEN,INE947J01015,2026-04-13,NSE,EQ,EQ,buy,false,477.000000,29.090000,202034062,1100000015789410,2026-04-13T09:43:09
DEN,INE947J01015,2026-04-13,NSE,EQ,EQ,buy,false,531.000000,29.090000,202034064,1100000015789410,2026-04-13T09:43:09
GANESHBE,INE388A01029,2026-04-13,NSE,EQ,EQ,buy,false,314.000000,93.949997,202139598,1100000015791137,2026-04-13T09:43:09
COASTCORP,INE377E01024,2026-04-13,NSE,EQ,EQ,buy,false,177.000000,49.299999,1496521,1000000012460119,2026-04-13T09:43:09
COASTCORP,INE377E01024,2026-04-13,NSE,EQ,EQ,buy,false,201.000000,49.290001,1496520,1000000012460119,2026-04-13T09:43:09
COASTCORP,INE377E01024,2026-04-13,NSE,EQ,EQ,buy,false,217.000000,49.310001,1496522,1000000012460119,2026-04-13T09:43:09
VMSTMT,INE0SJA01013,2026-04-13,NSE,EQ,EQ,buy,false,671.000000,43.500000,601849092,1300000013648181,2026-04-13T09:43:09
SHREERAMA,INE879A01019,2026-04-13,BSE,EQ,B,sell,false,316.000000,55.000000,1787000,1776051000151610455,2026-04-13T09:52:39
SHREERAMA,INE879A01019,2026-04-13,BSE,EQ,B,sell,false,418.000000,54.910000,1787400,1776051000151610455,2026-04-13T09:52:39
NTPCGREEN,INE0ONG01011,2026-04-13,BSE,EQ,A,sell,false,29.000000,103.180000,7692800,1776054024126916129,2026-04-13T10:23:02
NTPCGREEN,INE0ONG01011,2026-04-13,BSE,EQ,A,sell,false,29.000000,103.180000,7693000,1776054024126916129,2026-04-13T10:23:02
NTPCGREEN,INE0ONG01011,2026-04-13,BSE,EQ,A,sell,false,34.000000,103.180000,7693200,1776054024126916129,2026-04-13T10:23:02
NTPCGREEN,INE0ONG01011,2026-04-13,BSE,EQ,A,sell,false,6.000000,103.180000,7693400,1776054024126916129,2026-04-13T10:23:02
KHAICHEM,INE745B01028,2026-04-13,NSE,EQ,EQ,buy,false,1.000000,55.759998,402467047,1200000025523769,2026-04-13T10:23:07
KHAICHEM,INE745B01028,2026-04-13,NSE,EQ,EQ,buy,false,25.000000,55.750000,402467046,1200000025523769,2026-04-13T10:23:07
KHAICHEM,INE745B01028,2026-04-13,NSE,EQ,EQ,buy,false,47.000000,55.689999,402467043,1200000025523769,2026-04-13T10:23:07
KHAICHEM,INE745B01028,2026-04-13,NSE,EQ,EQ,buy,false,500.000000,55.700001,402467044,1200000025523769,2026-04-13T10:23:07
KHAICHEM,INE745B01028,2026-04-13,NSE,EQ,EQ,buy,false,61.000000,55.730000,402467045,1200000025523769,2026-04-13T10:23:07
KHAICHEM,INE745B01028,2026-04-13,NSE,EQ,EQ,buy,false,89.000000,55.759998,402467048,1200000025523769,2026-04-13T10:23:07
KHAICHEM,INE745B01028,2026-04-13,BSE,EQ,B,sell,false,105.000000,57.310001,2243500,1776051000146629082,2026-04-13T10:31:54
KHAICHEM,INE745B01028,2026-04-13,BSE,EQ,B,sell,false,132.000000,57.310001,2243300,1776051000146629082,2026-04-13T10:31:54
KHAICHEM,INE745B01028,2026-04-13,BSE,EQ,B,sell,false,41.000000,57.310001,2243700,1776051000146629082,2026-04-13T10:31:54
KHAICHEM,INE745B01028,2026-04-13,BSE,EQ,B,sell,false,5.000000,57.310001,2243200,1776051000146629082,2026-04-13T10:31:54
DYNPRO,INE256H01015,2026-04-13,NSE,EQ,EQ,buy,false,10.000000,235.800003,205426897,1100000051070967,2026-04-13T11:54:13
DYNPRO,INE256H01015,2026-04-13,NSE,EQ,EQ,buy,false,1.000000,235.990005,205426900,1100000051070967,2026-04-13T11:54:13
DYNPRO,INE256H01015,2026-04-13,NSE,EQ,EQ,buy,false,1.000000,236.000000,205426902,1100000051070967,2026-04-13T11:54:13
DYNPRO,INE256H01015,2026-04-13,NSE,EQ,EQ,buy,false,12.000000,236.789993,205426905,1100000051070967,2026-04-13T11:54:13
DYNPRO,INE256H01015,2026-04-13,NSE,EQ,EQ,buy,false,22.000000,236.800003,205426906,1100000051070967,2026-04-13T11:54:13
DYNPRO,INE256H01015,2026-04-13,NSE,EQ,EQ,buy,false,23.000000,236.490005,205426904,1100000051070967,2026-04-13T11:54:13
DYNPRO,INE256H01015,2026-04-13,NSE,EQ,EQ,buy,false,25.000000,236.479996,205426903,1100000051070967,2026-04-13T11:54:13
DYNPRO,INE256H01015,2026-04-13,NSE,EQ,EQ,buy,false,3.000000,235.779999,205426896,1100000051070967,2026-04-13T11:54:13
DYNPRO,INE256H01015,2026-04-13,NSE,EQ,EQ,buy,false,3.000000,235.990005,205426899,1100000051070967,2026-04-13T11:54:13
DYNPRO,INE256H01015,2026-04-13,NSE,EQ,EQ,buy,false,4.000000,235.990005,205426901,1100000051070967,2026-04-13T11:54:13
DYNPRO,INE256H01015,2026-04-13,NSE,EQ,EQ,buy,false,8.000000,235.860001,205426898,1100000051070967,2026-04-13T11:54:13
CAPACITE,INE264T01014,2026-04-13,BSE,EQ,B,sell,false,103.000000,234.750000,7844900,1776057882406807626,2026-04-13T12:20:08
SAMPANN,INE735M01018,2026-04-13,NSE,EQ,EQ,sell,false,815.000000,31.719999,605494869,1300000053250162,2026-04-13T12:22:40
DCW,INE500A01029,2026-04-13,NSE,EQ,EQ,buy,false,197.000000,46.779999,206072130,1100000057183847,2026-04-13T12:29:58
DCW,INE500A01029,2026-04-13,NSE,EQ,EQ,buy,false,2.000000,46.779999,206072128,1100000057183847,2026-04-13T12:29:58
DCW,INE500A01029,2026-04-13,NSE,EQ,EQ,buy,false,24.000000,46.779999,206072129,1100000057183847,2026-04-13T12:29:58
DCW,INE500A01029,2026-04-13,NSE,EQ,EQ,buy,false,300.000000,46.779999,206072127,1100000057183847,2026-04-13T12:29:58
INDORAMA,INE156A01020,2026-04-13,NSE,EQ,EQ,buy,false,1.000000,36.349998,206080924,1100000057183634,2026-04-13T12:30:18
INDORAMA,INE156A01020,2026-04-13,NSE,EQ,EQ,buy,false,1.000000,36.389999,206080926,1100000057183634,2026-04-13T12:30:18
INDORAMA,INE156A01020,2026-04-13,NSE,EQ,EQ,buy,false,169.000000,36.389999,206080927,1100000057183634,2026-04-13T12:30:18
INDORAMA,INE156A01020,2026-04-13,NSE,EQ,EQ,buy,false,17.000000,36.389999,206080928,1100000057183634,2026-04-13T12:30:18
INDORAMA,INE156A01020,2026-04-13,NSE,EQ,EQ,buy,false,34.000000,36.330002,206080922,1100000057183634,2026-04-13T12:30:18
INDORAMA,INE156A01020,2026-04-13,NSE,EQ,EQ,buy,false,36.000000,36.380001,206080925,1100000057183634,2026-04-13T12:30:18
INDORAMA,INE156A01020,2026-04-13,NSE,EQ,EQ,buy,false,379.000000,36.400002,206080929,1100000057183634,2026-04-13T12:30:18
INDORAMA,INE156A01020,2026-04-13,NSE,EQ,EQ,buy,false,40.000000,36.340000,206080923,1100000057183634,2026-04-13T12:30:18
SIGMA,INE0A0S01028,2026-04-13,NSE,EQ,EQ,sell,false,137.000000,45.240002,606707012,1300000067668017,2026-04-13T13:38:10
SIGMA,INE0A0S01028,2026-04-13,NSE,EQ,EQ,sell,false,20.000000,45.009998,606707016,1300000067668017,2026-04-13T13:38:10
SIGMA,INE0A0S01028,2026-04-13,NSE,EQ,EQ,sell,false,28.000000,45.119999,606707014,1300000067668017,2026-04-13T13:38:10
SIGMA,INE0A0S01028,2026-04-13,NSE,EQ,EQ,sell,false,286.000000,45.110001,606707015,1300000067668017,2026-04-13T13:38:10
SIGMA,INE0A0S01028,2026-04-13,NSE,EQ,EQ,sell,false,34.000000,45.009998,606707019,1300000067668017,2026-04-13T13:38:10
SIGMA,INE0A0S01028,2026-04-13,NSE,EQ,EQ,sell,false,40.000000,45.009998,606707018,1300000067668017,2026-04-13T13:38:10
SIGMA,INE0A0S01028,2026-04-13,NSE,EQ,EQ,sell,false,50.000000,45.009998,606707017,1300000067668017,2026-04-13T13:38:10
SIGMA,INE0A0S01028,2026-04-13,NSE,EQ,EQ,sell,false,58.000000,45.220001,606707013,1300000067668017,2026-04-13T13:38:10
KOTARISUG,INE419A01022,2026-04-13,NSE,EQ,EQ,buy,false,141.000000,26.049999,405662610,1200000072168901,2026-04-13T13:41:13
KOTARISUG,INE419A01022,2026-04-13,NSE,EQ,EQ,buy,false,150.000000,26.090000,405662612,1200000072168901,2026-04-13T13:41:13
KOTARISUG,INE419A01022,2026-04-13,NSE,EQ,EQ,buy,false,264.000000,26.100000,405662613,1200000072168901,2026-04-13T13:41:13
KOTARISUG,INE419A01022,2026-04-13,NSE,EQ,EQ,buy,false,470.000000,26.049999,405662609,1200000072168901,2026-04-13T13:41:13
KOTARISUG,INE419A01022,2026-04-13,NSE,EQ,EQ,buy,false,50.000000,26.040001,405662608,1200000072168901,2026-04-13T13:41:13
